@string{TOPLAS = {ACM Transactions on Programming Languages and Systems}}
@string{PLDI = {SIGPLAN International Conference on Programming Languages Design and Implementation}}

@InProceedings{Fang96,
  author = {J.Z. Fang},
  title = {Compiler Algorithms on If-Conversion, Speculative Predicates Assignment and Predicated Code Optimizations},
  booktitle = {9th International Workshop on Languages and Compilers for Parallel Computing (LCPC), LNCS~\#1239}, 
  year =  1996,
  pages = {135 -- 153}
}

@InProceedings{Bru06,
 author = {C. Bruel},
  title = {If-Conversion SSA Framework for partially predicated VLIW architectures},
  organization = {SIGPLAN},
  publisher = "ACM and IEEE",
  month = {March},
  year = 2006
}

@Article{CCK+97,
  author = {Fred Chow and Sun Chan and Robert Kennedy and Shin-Ming Liu and Raymond Lo and P. Tu},
  title = {A New Algorithm for Partial Redundancy Elimination Based on SSA Form},
  journal = {ACM SIG{\-}PLAN Notices},
  volume = 32,
  number = 5,
  year = {1997},
  pages = {273 -- 286}
}

@InProceedings{Cli95,
  author = {C. Click},
  title = {Global Code Motion Global Value Numbering},
  booktitle = PLDI,
  pages = {246 -- 257},
  year = 1995,
}

@misc{morgan98,
  author = "Robert Morgan",
  title = "Building an Optimizing Compiler",
  publisher = "Butterworth-Heinemann",
  ISBN = "978-1555581794",
  month = {January},
  year = "1998" }

@InProceedings{VC+99,
  author = {V. Sreedhar and R. Ju and D. Gillies and V. Santhanam},
  title = {Translating Out of Static Single Assignment Form},
  booktitle = {Static Analysis Symposium, Italy},
  year = 1999,
  pages = {194 -- 204}
}

@Article{WZ91,
  author = {M. Wegman and K. Zadeck},
  title = {Constant Propagation with Conditional Branches},
  journal = TOPLAS,
  number = 2,
  volume = 13,
  year = 1991,
  pages = {181 -- 210}
}

@InProceedings{Wolfe92,
  author = {M. Wolfe},
  title = {Beyond Induction Variables},
  booktitle = PLDI,
  year = 1992,
  pages = {162 -- 174}
}
