@article{BriggsJul98,
 author = {Briggs, Preston and Cooper, Keith D. and Harvey, Timothy J. and Simpson, L. Taylor},
 title = {Practical improvements to the construction and destruction of static single assignment form},
 journal = {Softw. Pract. Exper.},
 volume = {28},
 number = {8},
 year = {1998},
 issn = {0038-0644},
 pages = {859--881},
 doi = {http://dx.doi.org/10.1002/(SICI)1097-024X(19980710)28:8<859::AID-SPE188>3.0.CO;2-8},
 publisher = {John Wiley \& Sons, Inc.},
 address = {New York, NY, USA},
 }

@inproceedings{BudimlicJun02,
  author    = {Zoran Budimlic and
               Keith D. Cooper and
               Timothy J. Harvey and
               Ken Kennedy and
               Timothy S. Oberg and
               Steven W. Reeves},
  title     = {Fast Copy Coalescing and Live-Range Identification},
  booktitle = {PLDI},
  year      = {2002},
  pages     = {25-32},
  ee        = {http://doi.acm.org/10.1145/512529.512534},
  bibsource = {DBLP, http://dblp.uni-trier.de}
}


@inproceedings{ChaitinJun82,
 author = {Chaitin, G. J.},
 title = {Register allocation \& spilling via graph coloring},
 booktitle = {SIGPLAN '82: Proceedings of the 1982 SIGPLAN symposium on Compiler construction},
 year = {1982},
 isbn = {0-89791-074-5},
 pages = {98--105},
 location = {Boston, Massachusetts, United States},
 doi = {http://doi.acm.org/10.1145/800230.806984},
 publisher = {ACM},
 address = {New York, NY, USA},
 }

@article{Chaitin81,
 author = {Chaitin, G.J. and Auslander, M. A. and Chandra, A. K. and Cocke, J. and Hopkins, M. E. and Markstein, P. W.},
 title = {Register allocation via coloring},
 journal = {Computer Languages},
 volume = {6},
 year = {1980},
 pages = {47--57},
}

@inproceedings{ChoiJan91,
 author = {Choi, Jong-Deok and Cytron, Ron and Ferrante, Jeanne},
 title = {Automatic construction of sparse data flow evaluation graphs},
 booktitle = {POPL '91: Proceedings of the 18th ACM SIGPLAN-SIGACT symposium on Principles of programming languages},
 year = {1991},
 isbn = {0-89791-419-8},
 pages = {55--66},
 location = {Orlando, Florida, United States},
 doi = {http://doi.acm.org/10.1145/99583.99594},
 publisher = {ACM},
 address = {New York, NY, USA},
 }


@article{CytronOct91,
 author = {Cytron, Ron and Ferrante, Jeanne and Rosen, Barry K. and Wegman, Mark N. and Zadeck, F. Kenneth},
 title = {Efficiently computing static single assignment form and the control dependence graph},
 journal = {ACM Trans. Program. Lang. Syst.},
 volume = {13},
 number = {4},
 year = {1991},
 issn = {0164-0925},
 pages = {451--490},
 doi = {http://doi.acm.org/10.1145/115372.115320},
 publisher = {ACM},
 address = {New York, NY, USA},
 }

@article{RamalingamSep02,
 author = {Ramalingam, G.},
 title = {On loops, dominators, and dominance frontiers},
 journal = {ACM Trans. Program. Lang. Syst.},
 volume = {24},
 number = {5},
 year = {2002},
 issn = {0164-0925},
 pages = {455--490},
 doi = {http://doi.acm.org/10.1145/570886.570887},
 publisher = {ACM},
 address = {New York, NY, USA},
 }

@inproceedings{SreedharSep99,
  author    = {Vugranam C. Sreedhar and
               Roy Dz-Ching Ju and
               David M. Gillies and
               Vatsa Santhanam},
  title     = {Translating Out of Static Single Assignment Form},
  booktitle = {SAS},
  year      = {1999},
  pages     = {194-210}
}


@article{WeissJun92,
 author = {Weiss, Michael},
 title = {The transitive closure of control dependence: the iterated join},
 journal = {ACM Lett. Program. Lang. Syst.},
 volume = {1},
 number = {2},
 year = {1992},
 issn = {1057-4514},
 pages = {178--190},
 doi = {http://doi.acm.org/10.1145/151333.151337},
 publisher = {ACM},
 address = {New York, NY, USA},
 }

@article{WolfeJul94,
 author = {Wolfe, Michael},
 title = {J+=J},
 journal = {SIGPLAN Not.},
 volume = {29},
 number = {7},
 year = {1994},
 issn = {0362-1340},
 pages = {51--53},
 doi = {http://doi.acm.org/10.1145/181593.181601},
 publisher = {ACM},
 address = {New York, NY, USA},
 }
