% classical construction algorithms chapter (part1 / chapter 3)
% Rastello/Singer


@article{cytron91efficiently,
 author = {Cytron, Ron and Ferrante, Jeanne and Rosen, Barry K. and Wegman, Mark N. and Zadeck, F. Kenneth},
 title = {Efficiently computing static single assignment form and the control dependence graph},
 journal = {ACM Trans. Program. Lang. Syst.},
 volume = {13},
 number = {4},
 year = {1991},
 issn = {0164-0925},
 pages = {451--490},
 doi = {http://doi.acm.org/10.1145/115372.115320},
 publisher = {ACM},
 address = {New York, NY, USA},
}


@inproceedings{cytron89efficient,
 author = {Cytron, Ron and Ferrante, Jeanne and Rosen, Barry K. and Wegman, Mark N. and Zadeck, F. Kenneth},
 title = {An efficient method of computing static single assignment form},
 booktitle = {POPL '89: Proceedings of the 16th ACM SIGPLAN-SIGACT symposium on Principles of programming languages},
 year = {1989},
 isbn = {0-89791-294-2},
 pages = {25--35},
 location = {Austin, Texas, United States},
 doi = {http://doi.acm.org/10.1145/75277.75280},
 publisher = {ACM},
 address = {New York, NY, USA},
 }

@inproceedings{aycock00simple,
  author = {John Aycock and Nigel Horspool},
  title = {Simple Generation of static single assignment form},
  booktitle = {Proceedings of the 9th International Conference in Compiler
                  Construction},
  year = {2000},
  pages = {110--125},
  publisher = {Springer},
  series = {Lecture Notes in Computer Science},
  volume = {1781},
  doi = {http://dx.doi.org/10.1007/3-540-46423-9_8},
}


@inproceedings{sreedhar95linear,
  author = {Vugranam C. Sreedhar and Guang R. Gao},
  title = {A Linear Time Algorithm for Placing $\phi$-nodes},
  booktitle = {Proceedings of the 22nd ACM SIGPLAN-SIGACT Symposium on
                  Principles of Programming Languages},
  pages = {62--73},
  year = {1995},
  abstract = {title says it all - although this one doesn't go as fast as
                  Bilardi and Pingali, according to BP's paper (a personal
                  communication). However, this is the one that Microsoft use
                  for their Marmot compiler - so it must be ok... uses data
                  structures known as DJ-graphs.},
  doi = {http://doi.acm.org/10.1145/199448.199464}
}

@techreport{shapiro69representation,
 author = "Robert M. Shapiro and Harry Saint",
 title = "The Representation of Algorithms",
 institution = "Rome Air Development Center",
 number = "RADC-TR-69-313",
 month = "September",
 year = "1969",
}

@article{blech05optimizing,
 author = "Jan Olaf Blech and Sabine Glesner and Johannes Leitner and Steffen {M\"u}lling",
 title = "Optimizing Code Generation from SSA Form: A Comparison Between Two Formal Correctness Proofs in Isabelle/HOL",
 journal = "Electronic Notes in Theoretical Computer Science",
 volume = "141",
 number = "2",
 pages = "33--51",
 year = "2005",
 doi = "10.1016/j.entcs.2005.02.042",
}

@inproceedings{boissinot09revisiting,
 author = {Boissinot, Benoit and Darte, Alain and Rastello, Fabrice and de Dinechin, Benoit Dupont and Guillon, Christophe},
 title = {Revisiting Out-of-SSA Translation for Correctness, Code Quality and Efficiency},
 booktitle = {Proceedings of the 7th annual IEEE/ACM International Symposium on Code Generation and Optimization},
 year = {2009},
 pages = {114--125},
 doi = {http://dx.doi.org/10.1109/CGO.2009.19},
} 

@article{brandis94single,
  author = {Marc M. Brandis and Hanspeter M\"{o}ssenb\"{o}ck},
  title = {Single-pass generation of static single-assignment form for structured languages},
  journal = {ACM Transactions on Programming Languages and Systems},
  volume = {16},
  number = {6},
  month = {Nov},
  year = {1994},
  pages = {1684--1698},
  doi = {http://doi.acm.org/10.1145/197320.197331}
}

@book{aho86compilers,
 author = "Alfred V. Aho and Ravi Sethi and Jeffrey D. Ullman",
 title = "Compilers Principles Techniques and Tools",
 year = "1986",
 publisher = "Addison Wesley",
}

@article{briggs98practical,
  title={Practical improvements to the construction and destruction of static single assignment form},
  author={Briggs, P. and Cooper, K.D. and Harvey, T.J. and Simpson, L.T.},
  journal={Software---Practice and Experience},
  volume={28},
  number={8},
  pages={859--882},
  year={1998},
}

@article{wolfe94j,
 author = {Wolfe, Michael},
 title = {J+=J},
 journal = {ACM SIGPLAN Notices},
 volume = {29},
 number = {7},
 month = jul,
 year = {1994},
 pages = {51--53},
 doi = {10.1145/181593.181601},
} 