@string (ENTCS = "Electronic Notes in Theoretical Compututer Science")
@string (TOPLAS = "ACM Transactions on Programming Language Systems")
@string {TCS = "Theoretical Computer Science"}
@string {HOSC = "Higher-Order and Symbolic Computation")

@proceedings{ICFP1998,
  title = {Proceedings of the third ACM SIGPLAN International Conference on Functional Programming (ICFP '98)}, 
  location = "Baltimore, Maryland, USA, September 27-29", 
  year = 1998, 
  note = {SIGPLAN Notices 34(1),January 1999},
  publisher = "ACM",
  ISBN = "0-58113-024-4"
}

@proceedings{POPL1998,
 title = {POPL '98: Proceedings of the 25th ACM SIGPLAN-SIGACT symposium on Principles of programming languages},
 booktitle = {POPL '98: Proceedings of the 25th ACM SIGPLAN-SIGACT symposium on Principles of programming languages},
 year = {1998},
 isbn = {0-89791-979-3},
 location = {San Diego, California, United States},
 doi = {http://doi.acm.org/10.1145/268946.268951},
 publisher = {ACM},
 address = {New York, NY, USA}
}
 
@book{Appel:CWC,
  author = {Andrew W. Appel},
  title = {Compiling with continuations},
  publisher = {Cambridge University Press},
  year = {1992},
  ISBN = {0-521-41695-7}
}

@inproceedings{BentonKennedyRussel:ICFP1998,
  author    = {Nick Benton and
               Andrew Kennedy and
               George Russell},
  title     = {Compiling Standard ML to Java Bytecodes},
  pages     = {129-140},
  crossref  = {ICFP1998}
}

@article{Burstall:1969,
author = {Rod M. Burstall},
title = {Proving Properties of Programs by Structural Induction},
journal = {The Computer Journal}, 
year = 1969,
volume = 12,
number = 1,
pages = {41-48},
publisher = {British Computer Society}
}

@article{ChakravartyKZ:COCV03,
  author    = {Manuel M. T. Chakravarty and
               Gabriele Keller and
               Patryk Zadarnowski},
  title     = {A Functional Perspective on SSA Optimisation Algorithms},
  journal   = ENTCS,
  volume    = {82},
  number    = {2},
  year      = {2003},
  ee        = {http://www1.elsevier.com/gej-ng/31/29/23/133/53/show/Products/notes/index.htt\#004},
  bibsource = {DBLP, http://dblp.uni-trier.de}
}

@inproceedings{Kelsey95,
  author    = {Richard Kelsey},
  title     = {A Correspondence between Continuation Passing Style and
               Static Single Assignment Form},
  booktitle = {Intermediate Representations Workshop},
  year      = {1995},
  pages     = {13-23},
  bibsource = {DBLP, http://dblp.uni-trier.de}
}

@phdthesis{ODonnellPhD,
  author = {Ciaran {O'Donnell}},
  title = "High level compiling for low level machines",
  institution = "Ecole Nationale Superieure des Telecommunications",
  year = 1994,
  note = "Available from ftp.enst.fr"  
}

@article{Hoare69,
  author    = {C. A. R. Hoare},
  title     = {An Axiomatic Basis for Computer Programming},
  journal   = {Communications of the ACM},
  volume    = {12},
  number    = {10},
  year      = {1969},
  pages     = {576-580},
  ee        = {http://doi.acm.org/10.1145/363235.363259},
  bibsource = {DBLP, http://dblp.uni-trier.de}
}



@techreport{Landin1965,
  author = {Peter Landin}, 
  title = {A Generalization of Jumps and Labels},
  institution = {UNIVAC Systems Programming Research},
  month = aug,
  year = 1965,
  note = "Reprinted in Higher Order and Symbolic Computation, 11(2):125-143, 1998, with a foreword by Hayo Thielecke"}

@INPROCEEDINGS{McCarthy63abasis,
    author = {John McCarthy},
    title = {A Basis For A Mathematical Theory Of Computation},
    booktitle = {Computer Programming and Formal Systems},
    year = {1963},
    pages = {33--70},
    publisher = {North-Holland}
}

@article{Moggi1991,
 author = {Moggi, Eugenio},
 title = {Notions of computation and monads},
 journal = {Information and Computation},
 volume = {93},
 number = {1},
 year = {1991},
 issn = {0890-5401},
 pages = {55--92},
 doi = {http://dx.doi.org/10.1016/0890-5401(91)90052-4},
 publisher = {Academic Press, Inc.},
 address = {Duluth, MN, USA},
 }

@inproceedings{PeytonJonesShieldsLT:POPL1998,
 author = {Simon Peyton Jones and Mark Shields and John Launchbury and Andrew Tolmach},
 title = {Bridging the gulf: a common intermediate language for ML and Haskell},
 pages = {49--61},
 crossref = {POPL1998}
}

@article{Plotkin75,
  author    = {Gordon D. Plotkin},
  title     = {Call-by-Name, Call-by-Value and the lambda-Calculus},
  journal   = TCS,
  volume    = {1},
  number    = {2},
  year      = {1975},
  pages     = {125-159},
  bibsource = {DBLP, http://dblp.uni-trier.de}
}

@tecnreport{Plotkin1981,
 author = {Gordon D. Plotkin}, 
 title = {A Structural Approach to Operational Semantics},
 year = 1981, 
 number = {DAIMI FN-19}, 
 institution = {Computer Science Department, Aarhus University, Aarhus, Denmark}
}

@TECHREPORT{strachey-wadsworth,
  AUTHOR = {Christopher Strachey and Christopher P. Wadsworth},
  TITLE = {Continuations: {A} Mathematical Semantics for 
                  Handling Full Jumps},
  TYPE = {Programming Research Group Technical
                  Monograph},
  NUMBER = {PRG-11},
  INSTITUTION = {Oxford Univ.\ Computing Lab.},
  YEAR = 1974,
  NOTE = {Reprinted in {\em Higher-Order and Symbolic 
                  Computation}, vol. 13 (2000), pp. 135--152}
}

@inproceedings{vanWijngaarden1966,
  author = {Adriaan van Wijngaarden},
  title = {Recursive defnition of syntax and semantics},
  booktitle = { Formal Language Description Languages
for Computer Programming},
  editor ={T. B. Steel Jr.}, 
  publisher = {North-Holland}, 
  location = {Amsterdam},
  year = 1966,
  pages = {13 --24}
}

@article{Reynolds:LSC1993,
 author = {Reynolds, John C.},
 title = {The discoveries of continuations},
 journal = {Lisp and Symbolic Compututation},
 volume = {6},
 number = {3-4},
 year = {1993},
 issn = {0892-4635},
 pages = {233--248},
 doi = {http://dx.doi.org/10.1007/BF01019459},
 publisher = {Kluwer Academic Publishers},
 address = {Hingham, MA, USA}
 }

@techreport{DBLP:journals/lisp/SussmanS98a,
  author    = {Gerald Jay Sussman and
               Guy Lewis {Steele Jr.}},
  title     = {Scheme: An Interpreter for Extended Lambda Calculus},
  institution = {MIT AI Lab},
  number = {AI Lab Memo AIM-349},
  month = dec,
  year = 1975,
  note = "Reprinted in Higher-Order and Symbolic Computation 11(4):405-439, 1998"
}

@inproceedings{Filinski:94
 author = {Andrzrj Filinski},
 title = {Representing monads},
 booktitle = {POPL '94: Proceedings of the 21st ACM SIGPLAN-SIGACT Symposium on Principles of programming languages},
 year = {1994},
 isbn = {0-89791-636-0},
 pages = {446--457},
 location = {Portland, Oregon, United States},
 doi = {http://doi.acm.org/10.1145/174675.178047},
 publisher = {ACM},
 address = {New York, NY, USA},
 }

@article{Mads Sig 1195947,
 author = {{Mads Sig} Ager and Olivier Danvy and Jan Midtgaard},
 title = {A functional correspondence between monadic evaluators and abstract machines for languages with computational effects},
 journal = {Theor. Comput. Sci.},
 volume = {342},
 number = {1},
 year = {2005},
 issn = {0304-3975},
 pages = {149--172},
 doi = {http://dx.doi.org/10.1016/j.tcs.2005.06.008},
 publisher = {Elsevier Science Publishers Ltd.},
 address = {Essex, UK},
 }

@ARTICLE{Reynolds:1972,
  AUTHOR = {John C. Reynolds},
  TITLE = {Definitional Interpreters for Higher-Order
                 Programming Languages},
  booktitle = {Proceedings of the 25th {ACM}
		 National Conference},
  year = 1972,
  pages = "717 -- 714",
  note = "Reprinted in Higher-Order and Symbolic Computation 11(4):363-397,1998}

@inproceedings{Reynolds1974,
 author = {Reynolds, John C.},
 title = {On the Relation between Direct and Continuation Semantics},
 booktitle = {Proceedings of the 2nd Colloquium on Automata, Languages and Programming},
 year = {1974},
 isbn = {3-540-06841-4},
 pages = {141--156},
 publisher = {Springer-Verlag},
 address = {London, UK},
 }

@article{Wadsworth00,
  author    = {Christopher P. Wadsworth},
  title     = {Continuations Revisited},
  journal   = HOSC,
  volume    = {13},
  number    = {1/2},
  year      = {2000},
  pages     = {131-133},
  bibsource = {DBLP, http://dblp.uni-trier.de}
}

@article{WegmannZ:Toplas1991,
 author = {{Mark N. } Wegman and {F. Kenneth} Zadeck},
 title = {Constant propagation with conditional branches},
 journal = TOPLAS,
 volume = {13},
 number = {2},
 year = {1991},
 issn = {0164-0925},
 pages = {181--210},
 doi = {http://doi.acm.org/10.1145/103135.103136},
 publisher = {ACM},
 address = {New York, NY, USA},
 }
