
@article{cytron91efficiently,
 author = {Cytron, Ron and Ferrante, Jeanne and Rosen, Barry K. and Wegman, Mark N. and Zadeck, F. Kenneth},
 title = {Efficiently computing static single assignment form and the control dependence graph},
 journal = {ACM Trans. Program. Lang. Syst.},
 volume = {13},
 number = {4},
 year = {1991},
 issn = {0164-0925},
 pages = {451--490},
 doi = {http://doi.acm.org/10.1145/115372.115320},
 publisher = {ACM},
 address = {New York, NY, USA},
}

@book{appel97modern,
 author = "Andrew W. Appel",
 title = "Modern Compiler Implementation in \{C,Java,ML\}",
 publisher = "Cambridge University Press",
 year = "1997",
}

@article{ferrante87program,
 author = {Ferrante, Jeanne and Ottenstein, Karl J. and Warren, Joe D.},
 title = {The program dependence graph and its use in optimization},
 journal = {ACM Trans. Program. Lang. Syst.},
 volume = {9},
 number = {3},
 year = {1987},
 issn = {0164-0925},
 pages = {319--349},
 doi = {http://doi.acm.org/10.1145/24039.24041},
 publisher = {ACM},
 address = {New York, NY, USA},
 }

@inproceedings{ottenstein90program,
 author = {Ottenstein, Karl J. and Ballance, Robert A. and MacCabe, Arthur B.},
 title = {The program dependence web: a representation supporting control-, data-, and demand-driven interpretation of imperative languages},
 booktitle = {PLDI '90: Proceedings of the ACM SIGPLAN 1990 conference on Programming language design and implementation},
 year = {1990},
 isbn = {0-89791-364-7},
 pages = {257--271},
 location = {White Plains, New York, United States},
 doi = {http://doi.acm.org/10.1145/93542.93578},
 publisher = {ACM},
 address = {New York, NY, USA},
 }

@inproceedings{rosen88global,
 author = {Rosen, Barry K. and Wegman, Mark N. and Zadeck, F. Kenneth},
 title = {Global value numbers and redundant computations},
 booktitle = {POPL '88: Proceedings of the 15th ACM SIGPLAN-SIGACT symposium on Principles of programming languages},
 year = {1988},
 isbn = {0-89791-252-7},
 pages = {12--27},
 location = {San Diego, California, United States},
 doi = {http://doi.acm.org/10.1145/73560.73562},
 publisher = {ACM},
 address = {New York, NY, USA},
 }

@inproceedings{alpern88detecting,
 author = {Alpern, Bowen and Wegman, Mark N. and Zadeck, F. Kenneth},
 title = {Detecting equality of variables in programs},
 booktitle = {POPL '88: Proceedings of the 15th ACM SIGPLAN-SIGACT symposium on Principles of programming languages},
 year = {1988},
 isbn = {0-89791-252-7},
 pages = {1--11},
 location = {San Diego, California, United States},
 doi = {http://doi.acm.org/10.1145/73560.73561},
 publisher = {ACM},
 address = {New York, NY, USA},
 }

@inproceedings{cytron89efficient,
 author = {Cytron, Ron and Ferrante, Jeanne and Rosen, Barry K. and Wegman, Mark N. and Zadeck, F. Kenneth},
 title = {An efficient method of computing static single assignment form},
 booktitle = {POPL '89: Proceedings of the 16th ACM SIGPLAN-SIGACT symposium on Principles of programming languages},
 year = {1989},
 isbn = {0-89791-294-2},
 pages = {25--35},
 location = {Austin, Texas, United States},
 doi = {http://doi.acm.org/10.1145/75277.75280},
 publisher = {ACM},
 address = {New York, NY, USA},
 }



@inproceedings{novillo03tree,
 title = "{Tree SSA}---A new optimization infrastructure for {GCC}",
 author = "Diego Novillo",
 booktitle = "Proceedings of the First Annual GCC Developers' Summit",
 year = "2003",
 pages = "181--193",
 url = "http://www.airs.com/dnovillo/Papers/tree-ssa-gccs03.pdf",
 remarks = "intro to Tree SSA IR in gcc",
}

@inproceedings{novillo04design,
 title={Design and implementation of {Tree} {SSA}},
 author={Novillo, Diego},
 booktitle = "Proceedings of the Second Annual GCC Developers' Summit",
 year={2004},
 pages = "119--130",
 url = "http://www.airs.com/dnovillo/Papers/tree-ssa-gcc2004.pdf",
 remarks = "another overview of Tree SSA",
}


