@InProceedings{Johnson94,
  author = "R. Johnson and D. Pearson and K. Pingali",
  title = "The Program Tree Structure",
  booktitle = "PLDI",
  PUBLISHER  = {ACM},
  pages = "171--185",
  year = "1994"
}

@InProceedings{Pingali97,
  AUTHOR       = {Keshav Pingali and Gianfranco Bilardi},
  TITLE        = "Optimal Control Dependence Computation and the Roman
    Chariots Problem",
  BOOKTITLE    = {TOPLAS},
  publisher    = {ACM},
  YEAR         = "1997",
  pages        = "462--491"
} 

@InProceedings{Pingali95,
  AUTHOR       = {Keshav Pingali and Gianfranco Bilardi},
  TITLE        = "{APT}: A data structure for optimal control dependence
    computation",
  BOOKTITLE    = {PLDI},
  publisher    = {ACM},
  YEAR         = "1995",
  pages        = "211-222"
} 

@Article{Ramalingan02,
  AUTHOR     = {G. Ramalingam},
  YEAR       = "2002",
  TITLE      = "On Sparse Evaluation Representations",
  JOURNAL    = "Theoretical Computer Science",
  volume     = {277},
  number     = {1-2},
  publisher  = {Elsevier},
  pages      = {119--147}
}

@InProceedings{Johnson93,
  author = "Richard Johnson and Keshav Pingali",
  title = "Dependence-Based Program Analysis",
  booktitle = "PLDI",
  PUBLISHER  = {ACM},
  pages = "78-89",
  year = "1993"
}

@InProceedings{Nanda09,
  author    = {Mangala Gowri Nanda and Saurabh Sinha},
  title     = {Accurate Interprocedural Null-Dereference Analysis for Java},
  booktitle = {ICSE},
  year      = {2009},
  pages     = {133-143}
}

@article{Chambers89,
  author = {Craig Chambers and David Ungar},
  title = {Customization: optimizing compiler technology for SELF, a dynamically-typed object-oriented programming language},
  journal = {SIGPLAN Not.},
  volume = {24},
  number = {7},
  year = {1989},
  pages = {146--160},
  publisher = {ACM}
}

@phdthesis{Zadeck84,
   author = "Frank Kenneth Zadeck",
   title = "Incremental Data Flow Analysis in a Structured Program Editor",
   school = "Rice University",
   year = "1984"
}

@InProceedings{Benoit09,
    author = "Benoit Boissinot and Alain Darte and Fabrice Rastello and Benoit Dupont de Dinechin and  Christophe Guillon",
    title = "Revisiting Out-of-{SSA} Translation for Correctness, Code Quality, and Efficienty",
    booktitle = "CGO",
    PAGES = {114-125},
    publisher = {IEEE},
    year = "2009"
}

@book{Nielson05,
 author    = {Flemming Nielson and
              Hanne Riis Nielson and
              Chris Hankin},
 title     = {Principles of program analysis},
 publisher = {Springer},
 year      = {2005}
}

@InProceedings{An11,
  AUTHOR       = {Jong-hoon An and Avik Chaudhuri and Jeffrey S. Foster and
    Michael Hicks},
  YEAR         = {2011},
  TITLE        = {Dynamic Inference of Static Types for Ruby},
  BOOKTITLE    = {POPL},
  publisher    = {ACM},
  pages        = "XX-XX"
}

@mastersthesis{Ananian99,
  author  = "Scott Ananian",
  title   = "The Static Single Information Form",
  school  = "{MIT}",
  month   = "September",
  year    = "1999"
}

@InProceedings{Appel01,
  AUTHOR     = {Andrew W. Appel and Lal George},
  YEAR       = 2001,
  TITLE      = "Optimal Spilling for {CISC} Machines with Few Registers",
  BOOKTITLE  = {PLDI},
  PAGES      = "243-253",
  PUBLISHER  = {ACM}
}

@InProceedings{Bodik00,
    author = "Rastislav Bodik and Rajiv Gupta and Vivek Sarkar",
    title = "{ABCD}: eliminating array bounds checks on demand",
    booktitle = "PLDI",
    publisher = {ACM},
    pages = "321-333",
    year = "2000"
}

@InProceedings{Choi91,
  author    = "Jong-Deok Choi and Ron Cytron and Jeanne Ferrante",
  title     = "Automatic Construction of Sparse Data Flow Evaluation Graphs",
  booktitle = "POPL",
  pages     = "55-66",
  year      = 1991
}

@InProceedings{Cousot78,
  author = {Cousot, P. and Halbwachs, N..},
  title = "Automatic Discovery of Linear Restraints Among Variables of a
    Program",
  booktitle = {POPL},
  year = {1978},
  pages = {84--96},
  publisher = {ACM}
}

@Article{Gawlitza09,
  author    = {Thomas Gawlitza and Jerome Leroux and Jan Reineke and Helmut
    Seidl and Gregoire Sutre and Reinhard Wilhelm},
  title     = "Polynomial Precise Interval Analysis Revisited",
  journal   = {Efficient Algorithms},
  volume    = {1},
  publisher = {Springer},
  year      = {2009},
  pages     = {422 -- 437}
}

@article{Hochstadt08,
  author    = {Sam Tobin-Hochstadt and Matthias Felleisen},
  title     = {The design and implementation of typed scheme},
  journal = {POPL},
  year      = {2008},
  pages     = {395-406},
  publisher = {ACM}
}

@article{Khedker99,
  author = {Khedker, Uday P. and Dhamdhere, Dhananjay M.},
  title = {Bidirectional data flow analysis: myths and reality},
  journal = {SIGPLAN Not.},
  issue_date = {June 1999},
  volume = {34},
  number = {6},
  year = {1999},
  pages = {47--57},
  publisher = {ACM}
}

@InProceedings{Logozzo08,
  author    = {Fancesco Logozzo and Manuel Fahndrich},
  title     = "Pentagons: a Weakly Relational Abstract Domain for the
    Efficient Validation of Array Accesses",
  booktitle = {SAC},
  year      = {2008},
  pages     = {184--188},
  publisher = {ACM}
}

@Article{Mahlke01, 
  title={Bitwidth cognizant architecture synthesis of custom hardware accelerators}, 
  author={Mahlke, S. and Ravindran, R. and Schlansker, M. and Schreiber, R. and Sherwood, T.}, 
  journal={Computer-Aided Design of Integrated Circuits and Systems, IEEE Transactions on}, 
  year={2001}, 
  volume={20}, 
  number={11}, 
  pages={1355-1371},
}

@article{Mine06,
  author = {Min\'{e}, Antoine},
  title = {The octagon abstract domain},
  journal = {Higher Order Symbol. Comput.},
  volume = {19},
  issue = {1},
  year = {2006},
  issn = {1388-3690},
  pages = {31--100}
}

@InProceedings{Pereira08,
  AUTHOR       = {Fernando Magno Quintao Pereira and Jens Palsberg},
  YEAR         = {2008},
  booktitle    = {PLDI},
  PUBLISHER  = {ACM},
  TITLE        = {Register Allocation by Puzzle Solving},
  pages        = "216-226"
}

@PhdThesis{Plevyak96,
  author = "John Bradley Plevyak",
  title = "Optimization of Object-Oriented and Concurrent Programs",
  school =  "University of Illinois at Urbana-Champaign",
  year = 1996
}

@inproceedings{George03-IXP,
  author = {George, Lal and Blu Matthias},
  title = {Taming the IXP network processor},
  booktitle = {PLDI},
  year = {2003},
  location = {San Diego, California, USA},
  pages = {26--37},
  numpages = {12},
  publisher = {ACM}
}

@inproceedings{Lo98_registerPromotion,
  author = {Lo, Raymond and Chow, Fred and Kennedy, Robert and Liu, Shin-Ming and Tu, Peng},
  title = {Register promotion by sparse partial redundancy elimination of loads and stores},
  booktitle = {PLDI},
  year = {1998},
  pages = {26--37},
  numpages = {12},
  publisher = {ACM}
}

@inproceedings{Rimsa11,
  author = {Andrei Alves Rimsa and Marcelo D'Amorim and Fernando M. Q. Pereira},
  title = "Tainted Flow Analysis on {e-SSA}-form Programs",
  booktitle = {CC},
  year = {2011},
  pages = {124--143},
  publisher = {Springer}
}

@PhdThesis{Singer06,
  author = "Jeremy Singer",
  title  = "Static Program Analysis Based on Virtual Register Renaming",
  school = "University of Cambridge",
  year   = 2006
}

@inproceedings{Stephenson00,
 author = {Mark Stephenson and Jonathan Babb and Saman Amarasinghe},
 title = {Bidwidth analysis with application to silicon compilation},
 booktitle = {PLDI},
 year = {2000},
 pages = {108--120},
 publisher = {ACM}
}

@article{Su05,
  author = {Zhendong Su and David Wagner},
  title = {A class of polynomially solvable range constraints for interval analysis without widenings},
  journal = {Theoretical Computeter Science},
  volume = {345},
  number = {1},
  year = {2005},
  pages = {122--138},
  publisher = {Elsevier Science Publishers Ltd.}
}

@article{Wegman91,
 author = {Wegman, Mark N. and Zadeck, F. Kenneth},
 title = {Constant propagation with conditional branches},
 journal = {TOPLAS},
 volume = {13},
 number = {2},
 year = {1991},
 publisher = {ACM}
}
