@STRING{toplas	= "{ACM} Transactions on Programming Languages and Systems" }
@STRING{addison	= "Reading, Mass.: Addison-Wesley" }
@STRING{pldi00	= "ACM SIGPLAN 200 Conference on Programming Language Design
		  and Implementation" }

@Book{		  novillo:bib:wolfe-96,
    author	= {M. J. Wolfe},
    title	= {High Performance Compilers for Parallel Computing},
    publisher	= addison,
    address	= {Redwood City, CA},
    year	= 1996
}

@InProceedings	{ bib:larsen.ea-00,
    author	= "S. Larsen and S. P. Amarasinghe",
    title	= "{Exploiting Superword Level Parallelism with
    		   Multimedia Instruction Sets}",
    booktitle	= pldi00,
    pages	= "145--156",
    year	= "2000",
}

@InProceedings{	  novillo:bib:hendren.ea-92,
    author	= "L. Hendren and C. Donawa and M. Emami and G.
		   Gao and Justiani and B. Sridharan",
    title	= "{Designing the {McCAT} Compiler Based on a Family
    		   of Structured Intermediate Representations}",
    booktitle	= "Proceedings of the 5th International Workshop on Languages
		   and Compilers for Parallel Computing",
    publisher	= "Lecture Notes in Computer Science, no. 457, Springer-Verlag",
    month	= aug,
    pages	= "406--420",
    year	= "1992",
}

@Article{	  novillo:bib:cytron.ea-91,
  author	= {R. Cytron and J. Ferrante and B. Rosen and M. Wegman and
		  K. Zadeck},
  title		= {Efficiently Computing Static Single Assignment Form and
		  the Control Dependence Graph},
  journal	= toplas,
  volume	= 13,
  number	= 4,
  pages		= {451-490},
  month		= oct,
  year		= 1991
}

@InProceedings{ bib:stoltz.ea-94,
    author = "E. Stoltz and M. P. Gerlek and M. Wolfe",
    title = "{E}xtended {SSA} with {F}actored {U}se-{D}ef {C}hains to {S}upport {O}ptimization and {P}arallelism",
    booktitle = "Proc. Hawaii International Conference on Systems Sciences",
    month = jan,
    address = "Maui, Hawaii",
    year = 1994,
}

@Article{	  bib:wegman.ea-91,
    author	= {M. Wegman and K. Zadeck},
    title	= {Constant Propagation with Conditional Branches},
    journal	= toplas,
    volume	= 13,
    number	= 2,
    pages	= {181-210},
    month	= apr,
    year	= 1991,
}

@INPROCEEDINGS{bib:chow.ea-97,
  AUTHOR = {F. Chow and S. Chan and R. Kennedy and S.-M. Liu and R. Lo
		  and P. Tu},
  TITLE = {A New Algorithm for Partial Redundancy Elimination based
		  on {SSA} Form},
  BOOKTITLE = {ACM SIGPLAN '97 Conference on Programming Language Design
		  and Implementation},
  ADDRESS = {Las Vegas},
  YEAR = 1997,
  PAGES = {273--286},
}

@InProceedings{	  novillo:bib:merrill-03,
    author	= "J. Merrill",
    title	= "{GENERIC and GIMPLE: A New Tree Representation
		    for Entire Functions}",
    booktitle	= "Proceedings of the 2003 GCC Summit",
    address	= {Ottawa, Canada},
    month	= may,
    year	= "2003"
}

@InProceedings{	  novillo:bib:eigler-03,
    author	= "F. Ch. Eigler",
    title	= "{Mudflap: Pointer Use Checking for C/C++}",
    booktitle	= "Proceedings of the 2003 GCC Summit",
    address	= {Ottawa, Canada},
    month	= may,
    year	= "2003"
}

@ARTICLE{bib:briggs.ea-98,
  AUTHOR = {P. Briggs and K. D. Cooper and T. J. Harvey and L. Taylor
		  Simpson},
  TITLE = {{Practical Improvements to the Construction and
		  Destruction of Static Single Assignment Form}},
  JOURNAL = {Software---Practice and Experience},
  YEAR = 1998,
  VOLUME = 28,
  NUMBER = 8,
  PAGES = {859--881},
}

@Book{	bib:morgan-98,
  author =       "R. Morgan",
  title =        "Building an Optimizing Compiler",
  pages =        "450",
  publisher =    "Digital Press",
  year =         "1998",
}

@InProceedings{	  novillo:bib:berlin.ea-04,
    author	= "D. Berlin and D. Edelsohn and S. Pop",
    title	= "{High-Level Loop Optimizations for GCC}",
    booktitle	= "Proceedings of the 2004 GCC Summit",
    address	= {Ottawa, Canada},
    month	= jun,
    year	= "2004"
}


@InProceedings{	  novillo:bib:patterson-95,
    author	= "Jason R. C. Patterson",
    title	= "{Accurate Static Branch Prediction by Value Range
		  Propagation}",
    booktitle	= "{SIGPLAN} Conference on Programming Language Design and
		  Implementation",
    pages	= "67-78",
    year	= "1995"
}


@article{novillo:bib:CFRWZ91,
 author = {Cytron, Ron and Ferrante, Jeanne and Rosen, Barry K. and Wegman, Mark N. and Zadeck, F. Kenneth},
 title = {Efficiently Computing Static Single Assignment Form and the Control Dependence Graph},
 journal = {ACM Transactions on Programming Languages and Systems (TOPLAS)},
 volume = {13},
 number = {4},
 year = {1991},
 issn = {0164-0925},
 pages = {451--490},
 doi = {http://doi.acm.org/10.1145/115372.115320},
 publisher = {ACM},
 address = {New York, NY, USA},
}

@inproceedings{novillo:bib:CCF91,
 author = {Choi, Jong-Deok and Cytron, Ron and Ferrante, Jeanne},
 title = {Automatic Construction of Sparse Data Flow Evaluation Graphs},
 booktitle = {POPL '91: Proceedings of the 18th ACM SIGPLAN-SIGACT Symposium on Principles of Programming Languages},
 year = {1991},
 isbn = {0-89791-419-8},
 pages = {55--66},
 location = {Orlando, Florida, United States},
 doi = {http://doi.acm.org/10.1145/99583.99594},
 publisher = {ACM},
 address = {New York, NY, USA},
}

@inproceedings{novillo:bib:N05,
 author = {Novillo, Diego},
 title = {A Propagation Engine for {GCC}},
 booktitle = {Proceedings of the GCC Developersâ€™ Summit},
 year = {2005},
 pages = {175--184},
 location = {Ottawa, Ontario, Canada},
}

@book{novillo:bib:NNH99,
 author = {Nielson, Flemming and Nielson, Hanne R. and Hankin, Chris},
 title = {Principles of Program Analysis},
 year = {1999},
 isbn = {3540654100},
 publisher = {Springer-Verlag New York, Inc.},
 address = {Secaucus, NJ, USA},
}