@PhdThesis{Biggar2010,
  author = 	 {Paul Biggar},
  title = 	 {Design and Implementation of an Ahead-of-Time Compiler for PHP},
  school = 	 {Trinity College Dublin},
  year = 	 {2010},
  OPTkey = 	 {},
  OPTtype = 	 {},
  OPTaddress = 	 {},
  OPTmonth = 	 {},
  OPTnote = 	 {},
  OPTannote = 	 {}
}

@inproceedings{EGH1994,
 author = {Emami, Maryam and Ghiya, Rakesh and Hendren, Laurie J.},
 title = {Context-sensitive interprocedural points-to analysis in the presence of function pointers},
 booktitle = {Proceedings of the ACM SIGPLAN 1994 conference on Programming language design and implementation},
 series = {PLDI '94},
 year = {1994},
 isbn = {0-89791-662-X},
 location = {Orlando, Florida, United States},
 pages = {242--256},
 numpages = {15},
 url = {http://doi.acm.org/10.1145/178243.178264},
 doi = {http://doi.acm.org/10.1145/178243.178264},
 acmid = {178264},
 publisher = {ACM},
 address = {New York, NY, USA},
}



@TECHREPORT{Pioli99,
    author = {Anthony Pioli and Michael Hind},
    title = {Combining Interprocedural Pointer Analysis and Conditional Constant Propagation},
    institution = {IBM T. J. Watson Research Center},
    year = {1999}
}


@inproceedings{Wassermann2007,
 author = {Gary Wassermann and Zhendong Su},
 title = {Sound and precise analysis of web applications for injection vulnerabilities},
 booktitle = {Proceedings of the 2007 ACM SIGPLAN conference on Programming language design and implementation},
 series = {PLDI '07},
 year = {2007},
 isbn = {978-1-59593-633-2},
 location = {San Diego, California, USA},
 pages = {32--41},
 numpages = {10},
 url = {http://doi.acm.org/10.1145/1250734.1250739},
 doi = {http://doi.acm.org/10.1145/1250734.1250739},
 acmid = {1250739},
 publisher = {ACM},
 address = {New York, NY, USA},
 keywords = {static analysis, string analysis, web applications},
}


@inproceedings{Furr2009,
 author = {Furr, Michael and An, Jong-hoon (David) and Foster, Jeffrey S. and Hicks, Michael},
 title = {Static type inference for Ruby},
 booktitle = {Proceedings of the 2009 ACM symposium on Applied Computing},
 series = {SAC '09},
 year = {2009},
 isbn = {978-1-60558-166-8},
 location = {Honolulu, Hawaii},
 pages = {1859--1866},
 numpages = {8},
 url = {http://doi.acm.org/10.1145/1529282.1529700},
 doi = {http://doi.acm.org/10.1145/1529282.1529700},
 acmid = {1529700},
 publisher = {ACM},
 address = {New York, NY, USA},
 keywords = {Ruby, contracts, dynamic typing, type inference},
}






@inproceedings{Lenart2000,
 author = {Lenart, Alexandre and Sadler, Christopher and Gupta, Sandeep K. S.},
 title = {SSA-based flow-sensitive type analysis: combining constant and type propagation},
 booktitle = {Proceedings of the 2000 ACM symposium on Applied computing - Volume 2},
 series = {SAC '00},
 year = {2000},
 isbn = {1-58113-240-9},
 location = {Como, Italy},
 pages = {813--817},
 numpages = {5},
 url = {http://doi.acm.org/10.1145/338407.338570},
 doi = {http://doi.acm.org/10.1145/338407.338570},
 acmid = {338570},
 publisher = {ACM},
 address = {New York, NY, USA},
 keywords = {SSA-form, object-oriented language, type analysis},
}


@INPROCEEDINGS{Jovanovic06pixy:a,
    author = {Nenad Jovanovic and Christopher Kruegel and Engin Kirda},
    title = {Pixy: A Static Analysis Tool for Detecting Web Application Vulnerabilities (Short Paper)},
    booktitle = {2006 IEEE Symposium on Security and Privacy},
    year = {2006},
    pages = {258--263},
    publisher = {}
}

@inproceedings{Gal:2009,
 author = {Gal, Andreas and Eich, Brendan and Shaver, Mike and Anderson, David and Mandelin, David and Haghighat, Mohammad R. and Kaplan, Blake and Hoare, Graydon and Zbarsky, Boris and Orendorff, Jason and Ruderman, Jesse and Smith, Edwin W. and Reitmaier, Rick and Bebenita, Michael and Chang, Mason and Franz, Michael},
 title = {Trace-based just-in-time type specialization for dynamic languages},
 booktitle = {Proceedings of the 2009 ACM SIGPLAN conference on Programming language design and implementation},
 series = {PLDI '09},
 year = {2009},
 isbn = {978-1-60558-392-1},
 location = {Dublin, Ireland},
 pages = {465--478},
 numpages = {14},
 url = {http://doi.acm.org/10.1145/1542476.1542528},
 doi = {http://doi.acm.org/10.1145/1542476.1542528},
 acmid = {1542528},
 publisher = {ACM},
 address = {New York, NY, USA},
 keywords = {dynamically typed languages, trace-based compilation},
}


@inproceedings{Jensen+2009,
 author = {Jensen, Simon Holm and M{\o}ller, Anders and Thiemann, Peter},
 title = {Type Analysis for JavaScript},
 booktitle = {Proceedings of the 16th International Symposium on Static Analysis},
 series = {SAS '09},
 year = {2009},
 isbn = {978-3-642-03236-3},
 location = {Los Angeles, CA},
 pages = {238--255},
 numpages = {18},
 url = {http://dx.doi.org/10.1007/978-3-642-03237-0_17},
 doi = {http://dx.doi.org/10.1007/978-3-642-03237-0_17},
 acmid = {1615460},
 publisher = {Springer-Verlag},
 address = {Berlin, Heidelberg},
}
@book{TorczonCooper2007,
  author    = {Keith D. Cooper and
               Linda Torczon},
  title     = {Engineering a Compiler},
  publisher = {Morgan Kaufmann},
  year      = {2004},
  isbn      = {1-55860-699-8},
  bibsource = {DBLP, http://dblp.uni-trier.de}
}
