@inproceedings{ZhouCC11,
  author    = {Hucheng Zhou and
               Wenguang Chen and
               Fred C. Chow},
  title     = {An SSA-based algorithm for optimal speculative code motion
               under an execution profile},
  booktitle     = {Proceedings of the 32nd ACM SIGPLAN Conference on Programming
               Language Design and Implementation (PLDI 2011)},
  year      = {2011},
  pages     = {98-108},
  publisher = {ACM},
}