@book{Padua,
  editor    = {David A. Padua},
  title     = {Encyclopedia of Parallel Computing},
  publisher = {Springer},
  year      = {2011},
}

