@inproceedings{Allen:1983:CCD:567067.567085,
 author = {Allen, J. R. and Kennedy, Ken and Porterfield, Carrie and Warren, Joe},
 title = {Conversion of control dependence to data dependence},
 booktitle = {Proceedings of the 10th ACM SIGACT-SIGPLAN symposium on Principles of programming languages},
 series = {POPL '83},
 year = {1983},
 isbn = {0-89791-090-7},
 location = {Austin, Texas},
 pages = {177--189},
 numpages = {13},
 url = {http://doi.acm.org/10.1145/567067.567085},
 doi = {http://doi.acm.org/10.1145/567067.567085},
 acmid = {567085},
 publisher = {ACM},
 address = {New York, NY, USA},
} 

@INPROCEEDINGS{odes_bruel,
  author = {Christian Bruel},
  title = {If-Conversion SSA Framework},
  booktitle = {International Symposium on Code Generation and Optimization (CGO)
	ODES-04: Workshop on Optimizations for DSP and Embedded Systems},
  year = {2006},
}
                  
@article{ijes_bruel,
  author    = {Christian Bruel},
  title     = {If-Conversion for Embedded VLIW architectures},
  journal   = {IJES},
  volume    = {4},
  number    = {1},
  year      = {2009},
  pages     = {2-16},
  ee        = {http://dx.doi.org/10.1504/IJES.2009.027236},
  bibsource = {DBLP, http://dblp.uni-trier.de}
}

@book{Kennedy:2001:OCM:502981,
 author = {Kennedy, Ken and Allen, John R.},
 title = {Optimizing compilers for modern architectures: a dependence-based approach},
 year = {2002},
 isbn = {1-55860-286-0},
 publisher = {Morgan Kaufmann Publishers Inc.},
 address = {San Francisco, CA, USA},
} 

@article{Mahlke:1992:ECS:144965.144998,
 author = {Mahlke, Scott A. and Lin, David C. and Chen, William Y. and Hank, Richard E. and Bringmann, Roger A.},
 title = {Effective compiler support for predicated execution using the hyperblock},
 journal = {SIGMICRO Newsl.},
 volume = {23},
 issue = {1-2},
 month = {December},
 year = {1992},
 issn = {1050-916X},
 pages = {45--54},
 numpages = {10},
 url = {http://doi.acm.org/10.1145/144965.144998},
 doi = {http://doi.acm.org/10.1145/144965.144998},
 acmid = {144998},
 publisher = {ACM},
 address = {New York, NY, USA},
} 

@incollection{Rau:2003:IP:1074100.1074489,
 author = {Rau, B. Ramakrishna and Fisher, Joseph A.},
 title = {Instruction-level parallelism},
 booktitle = {Encyclopedia of Computer Science},
 isbn = {0-470-86412-5},
 pages = {883--887},
 numpages = {5},
 url = {http://portal.acm.org/citation.cfm?id=1074100.1074489},
 acmid = {1074489},
 publisher = {John Wiley and Sons Ltd.},
 address = {Chichester, UK},
} 

@book{FisherFaraboshiYoung,
 author = {Joseph A. Fisher, Paolo Faraboschi, Cliff Young},
 title = {Embedded Computing},
} 

@TECHREPORT{Schlansker97achievinghigh,
    author = {Michael S. Schlansker and B. Ramakrishna Rau and Scott Mahlke and Vinod Kathail and Richard Johnson and Sadun Anik and Santosh G. Abraham},
    title = {Achieving High Levels of Instruction-Level Parallelism With Reduced Hardware Complexity},
    institution = {},
    year = {1997}
}

@inproceedings{Stoutchinin:2001:ESS:563998.564022,
 author = {Stoutchinin, Arthur and de Ferriere, Francois},
 title = {Efficient static single assignment form for predication},
 booktitle = {Proceedings of the 34th annual ACM/IEEE international symposium on Microarchitecture},
 series = {MICRO 34},
 year = {2001},
 isbn = {0-7695-1369-7},
 location = {Austin, Texas},
 pages = {172--181},
 numpages = {10},
 url = {http://portal.acm.org/citation.cfm?id=563998.564022},
 acmid = {564022},
 publisher = {IEEE Computer Society},
 address = {Washington, DC, USA},
} 

@inproceedings{Warter:1992:EMS:144953.145796,
 author = {Warter, Nancy J. and Haab, Grant E. and Subramanian, Krishna and Bockhaus, John W.},
 title = {Enhanced modulo scheduling for loops with conditional branches},
 booktitle = {Proceedings of the 25th annual international symposium on Microarchitecture},
 series = {MICRO 25},
 year = {1992},
 isbn = {0-8186-3175-9},
 location = {Portland, Oregon, United States},
 pages = {170--179},
 numpages = {10},
 url = {http://dx.doi.org/10.1145/144953.145796},
 doi = {http://dx.doi.org/10.1145/144953.145796},
 acmid = {145796},
 publisher = {IEEE Computer Society Press},
 address = {Los Alamitos, CA, USA},
} 

@article{August:1999:PRI:326224.325595,
 author = {August, David I. and Hwu, Wen-Mei W. and Mahlke, Scott A.},
 title = {The Partial Reverse If-Conversion Framework for Balancing Control Flow and Predication},
 journal = {Int. J. Parallel Program.},
 volume = {27},
 issue = {5},
 month = {October},
 year = {1999},
 issn = {0885-7458},
 pages = {381--423},
 numpages = {43},
 url = {http://portal.acm.org/citation.cfm?id=326224.325595},
 doi = {10.1023/A:1018787007582},
 acmid = {325595},
 publisher = {Kluwer Academic Publishers},
 address = {Norwell, MA, USA},
 keywords = {CONTROL FLOW, IF-CONVERSION, INSTRUCTION SCHEDULING, PREDICATED EXECUTION, REVERSE IF-CONVERSION},
} 

@inproceedings{Fang:1996:CAI:645674.663446,
 author = {Fang, Jesse Zhixi},
 title = {Compiler Algorithms on If-Conversion, Speculative Predicates Assignment and Predicated Code Optimizations},
 booktitle = {Proceedings of the 9th International Workshop on Languages and Compilers for Parallel Computing},
 series = {LCPC '96},
 year = {1997},
 isbn = {3-540-63091-0},
 pages = {135--153},
 numpages = {19},
 url = {http://dl.acm.org/citation.cfm?id=645674.663446},
 acmid = {663446},
 publisher = {Springer-Verlag},
 address = {London, UK, UK},
} 



@article{Fisher:1992:PCB:143371.143493,
 author = {Fisher, Joseph A. and Freudenberger, Stefan M.},
 title = {Predicting conditional branch directions from previous runs of a program},
 journal = {SIGPLAN Not.},
 volume = {27},
 issue = {9},
 month = {September},
 year = {1992},
 issn = {0362-1340},
 pages = {85--95},
 numpages = {11},
 url = {http://doi.acm.org/10.1145/143371.143493},
 doi = {http://doi.acm.org/10.1145/143371.143493},
 acmid = {143493},
 publisher = {ACM},
 address = {New York, NY, USA},
} 

@article{Schlansker-predicated,
  author = {J. C. H. Park and M. S. Schlansker},
  title = "On predicated execution",
  institution = {HP Laboratories, Palo Alto, CA},
  year = {1991} }



@inproceedings{Jeannerod:2010:TTI:1837210.1837212,
  author = {Jeannerod, Claude-Pierre and Mouilleron, Christophe and 
Muller, Jean-Michel and Revy, Guillaume and Bertin, Christian and 
Jourdan-Lu, Jingyan and Knochel, Herv\'{e} and Monat, Christophe},
  title = {Techniques and tools for implementing IEEE 754 floating-point 
arithmetic on VLIW integer processors},
  booktitle = {Proceedings of the 4th International Workshop on Parallel 
and Symbolic Computation},
  series = {PASCO '10},
  year = {2010},
  isbn = {978-1-4503-0067-4},
  location = {Grenoble, France},
  pages = {1--9},
  numpages = {9},
  url = {http://doi.acm.org/10.1145/1837210.1837212},
  doi = {http://doi.acm.org/10.1145/1837210.1837212},
  acmid = {1837212},
  publisher = {ACM},
  address = {New York, NY, USA},
  keywords = {C software implementation, IEEE 754, VLIW processor, 
binary floating-point arithmetic, code generation, correct rounding, 
instruction-level parallelism, polynomial evaluation},
}

@article{JeKnMoRe11,
    author	= {Jeannerod, Claude-Pierre and Knochel, Herv\'{e} and Monat, 
Christophe and Revy, Guillaume},
    title	= {{Computing floating-point square roots via bivariate 
polynomial evaluation}},
    journal	= {IEEE Transactions on Computers},
    volume	= {60},
    number	= {2},
    pages	= {214--227},
    year		= {2011},
    month	= {february},
    issn         = {0018-9340},
    doi		= {10.1109/TC.2010.152},
    publisher    = {IEEE Computer Society},
    address      = {Washington, DC, USA},
}

@article{Ferrante:1987:PDG:24039.24041,
 author = {Ferrante, Jeanne and Ottenstein, Karl J. and Warren, Joe D.},
 title = {The program dependence graph and its use in optimization},
 journal = {ACM Trans. Program. Lang. Syst.},
 volume = {9},
 issue = {3},
 month = {July},
 year = {1987},
 issn = {0164-0925},
 pages = {319--349},
 numpages = {31},
 url = {http://doi.acm.org/10.1145/24039.24041},
 doi = {http://doi.acm.org/10.1145/24039.24041},
 acmid = {24041},
 publisher = {ACM},
 address = {New York, NY, USA},
} 

@article{Stoutchinin_Gao_2004,
 title={If-conversion in SSA form},
 url={http://www.springerlink.com/index/n9lhmcq5qcdrmnha.pdf},
 journal={EuroPar 2004 Parallel Processing},
 author={Stoutchinin, Arthur and Gao, Guang R}, year={2004}, pages={336--345}}

@article{Zhang:2004:UHG:977250.977393,
 author = {Zhang, Fubo and H. D'Hollander, Erik},
 title = {Using Hammock Graphs to Structure Programs},
 journal = {IEEE Trans. Softw. Eng.},
 volume = {30},
 issue = {4},
 month = {April},
 year = {2004},
 issn = {0098-5589},
 pages = {231--245},
 numpages = {15},
 url = {http://portal.acm.org/citation.cfm?id=977250.977393},
 doi = {10.1109/TSE.2004.1274043},
 acmid = {977393},
 publisher = {IEEE Press},
 address = {Piscataway, NJ, USA},
 keywords = {Program transformation, structured programming, compilers, optimization, parallel processing, software/program verification, correctness proofs.},
} 

@INPROCEEDINGS{Jacome01clusteredvliw,
    author = {Margarida F. Jacome and Gustavo De Veciana and Satish Pillai},
    title = {Clustered VLIW Architectures with Predicated Switching},
    booktitle = {In Proceedings of the Design Automation Conference, 2001},
    year = {2001},
    pages = {696--701},
    publisher = {Online]. Available: citeseer.nj.nec.com/428688.html}
}

@INPROCEEDINGS{Chuang03phi-predicationfor,
    author = {Weihaw Chuang and Brad Calder and Jeanne Ferrante},
    title = {Phi-Predication for Light-Weight If-Conversion},
    booktitle = {In Proceedings of the International Symposium on Code Generation and Optimization},
    year = {2003},
    pages = {179--190}
}