@inproceedings{Allen:1983:POPL,
 author = {Allen, J. R. and Kennedy, Ken and Porterfield, Carrie and Warren,
Joe},
 title = {Conversion of control dependence to data dependence},
 booktitle = {Proceedings of the 10th ACM SIGACT-SIGPLAN symposium on Principles
of programming languages},
 series = {POPL '83},
 year = {1983},
 isbn = {0-89791-090-7},
 location = {Austin, Texas},
 pages = {177--189},
 numpages = {13},
 url = {http://doi.acm.org/10.1145/567067.567085},
 doi = {10.1145/567067.567085},
 acmid = {567085},
 publisher = {ACM},
 address = {New York, NY, USA},
}

@inproceedings{August:1998:ISCA,
 author = {August, David I. and Connors, Daniel A. and Mahlke, Scott A. and
Sias, John W. and Crozier, Kevin M. and Cheng, Ben-Chung and Eaton, Patrick R.
and Olaniran, Qudus B. and Hwu, Wen-mei W.},
 title = {Integrated predicated and speculative execution in the IMPACT EPIC
architecture},
 booktitle = {Proceedings of the 25th annual international symposium on Computer
architecture},
 series = {ISCA '98},
 year = {1998},
 isbn = {0-8186-8491-7},
 location = {Barcelona, Spain},
 pages = {227--237},
 numpages = {11},
 url = {http://dx.doi.org/10.1145/279358.279391},
 doi = {10.1145/279358.279391},
 acmid = {279391},
 publisher = {IEEE Computer Society},
 address = {Washington, DC, USA},
}

@Article{Blickstein:1992:DTJ,
  author =       "David S. Blickstein and Peter W. Craig and Caroline S.
                 Davidson and R. Neil {Faiman, Jr.} and Kent D. Glossop
                 and Richard B. Grove and Steven O. Hobbs and William B.
                 Noyce",
  title =        "The {GEM} Optimizing Compiler System",
  journal =      "Digital Technical Journal",
  volume =       "4",
  number =       "4",
  pages =        "121--136",
  month =        "Fall",
  year =         "1992",
  CODEN =        "DTJOEL",
  ISSN =         "0898-901X",
}

@inproceedings{Boissinot:2009:CGO,
 author = {Boissinot, Benoit and Darte, Alain and Rastello, Fabrice and de
Dinechin, Benoit Dupont and Guillon, Christophe},
 title = {Revisiting Out-of-SSA Translation for Correctness, Code Quality and
Efficiency},
 booktitle = {Proceedings of the 7th annual IEEE/ACM International Symposium on
Code Generation and Optimization},
 series = {CGO '09},
 year = {2009},
 isbn = {978-0-7695-3576-0},
 pages = {114--125},
 numpages = {12},
 url = {http://dx.doi.org/10.1109/CGO.2009.19},
 doi = {10.1109/CGO.2009.19},
 acmid = {1545063},
 publisher = {IEEE Computer Society},
 address = {Washington, DC, USA},
 keywords = {SSA form, Compilers, JIT-compilation},
} 

@inproceedings{Chuang:2003:CGO,
 author = {Chuang, Weihaw and Calder, Brad and Ferrante, Jeanne},
 title = {Phi-Predication for light-weight if-conversion},
 booktitle = {Proceedings of the international symposium on Code generation and
optimization: feedback-directed and runtime optimization},
 series = {CGO '03},
 year = {2003},
 isbn = {0-7695-1913-X},
 location = {San Francisco, California},
 pages = {179--190},
 numpages = {12},
 url = {http://dl.acm.org/citation.cfm?id=776261.776281},
 acmid = {776281},
 publisher = {IEEE Computer Society},
 address = {Washington, DC, USA},
}

@inproceedings{Colwell:1987:ASPLOS,
 author = {Colwell, Robert P. and Nix, Robert P. and O'Donnell, John J. and
Papworth, David B. and Rodman, Paul K.},
 title = {A VLIW architecture for a trace scheduling compiler},
 booktitle = {Proceedings of the second international conference on Architectual
support for programming languages and operating systems},
 series = {ASPLOS-II},
 year = {1987},
 isbn = {0-8186-0805-6},
 location = {Palo Alto, California, United States},
 pages = {180--192},
 numpages = {13},
 url = {http://dx.doi.org/10.1145/36206.36201},
 doi = {10.1145/36206.36201},
 acmid = {36201},
 publisher = {IEEE Computer Society Press},
 address = {Los Alamitos, CA, USA},
}

@inproceedings{Dinechin:1997:PaCT,
  author    = {Beno\^{\i}t Dupont de Dinechin},
  title     = {A Unified Software Pipeline Construction Scheme for Modulo
               Scheduled Loops},
  booktitle = {Parallel Computing Technologies, 4th International Conference,
               PaCT-97},
  series    = {Lecture Notes in Computer Science},
  volume    = {1277},
  year      = {1997},
  pages     = {189-200},
  ee        = {http://dx.doi.org/10.1007/3-540-63371-5_20},
  bibsource = {DBLP, http://dblp.uni-trier.de}
}

@inproceedings{Dinechin:2000:CASES,
 author = {de Dinechin, B. Dupont and de Ferri, F. and Guillon, C. and
Stoutchinin, A.},
 title = {Code generator optimizations for the ST120 DSP-MCU core},
 booktitle = {Proceedings of the 2000 international conference on Compilers,
architecture, and synthesis for embedded systems},
 series = {CASES '00},
 year = {2000},
 isbn = {1-58113-338-3},
 location = {San Jose, California, United States},
 pages = {93--102},
 numpages = {10},
 url = {http://doi.acm.org/10.1145/354880.354894},
 doi = {10.1145/354880.354894},
 acmid = {354894},
 publisher = {ACM},
 address = {New York, NY, USA},
} 

@inproceedings{Eichenberger:1995:MICRO,
 author = {Eichenberger, Alexandre E. and Davidson, Edward S.},
 title = {Register allocation for predicated code},
 booktitle = {Proceedings of the 28th annual international symposium on Microarchitecture},
 series = {MICRO 28},
 year = {1995},
 isbn = {0-8186-7349-4},
 location = {Ann Arbor, Michigan, United States},
 pages = {180--191},
 numpages = {12},
 url = {http://dl.acm.org/citation.cfm?id=225160.225192},
 acmid = {225192},
 publisher = {IEEE Computer Society Press},
 address = {Los Alamitos, CA, USA},
 keywords = {hyperblocks, interference, predicated execution, register allocation, software
pipelining},
}

@inproceedings{Fang:1996:LCPC,
 author = {Fang, Jesse Zhixi},
 title = {Compiler Algorithms on If-Conversion, Speculative Predicates
Assignment and Predicated Code Optimizations},
 booktitle = {Proceedings of the 9th International Workshop on Languages and
Compilers for Parallel Computing},
 series = {LCPC '96},
 year = {1997},
 isbn = {3-540-63091-0},
 pages = {135--153},
 numpages = {19},
 url = {http://dl.acm.org/citation.cfm?id=645674.663446},
 acmid = {663446},
 publisher = {Springer-Verlag},
 address = {London, UK, UK},
} 


@article{Faraboschi:2000:ISCA,
 author = {Faraboschi, Paolo and Brown, Geoffrey and Fisher, Joseph A. and
Desoli, Giuseppe and Homewood, Fred},
 title = {Lx: a technology platform for customizable VLIW embedded processing},
 journal = {SIGARCH Comput. Archit. News},
 issue_date = {May 2000},
 volume = {28},
 number = {2},
 month = may,
 year = {2000},
 issn = {0163-5964},
 pages = {203--213},
 numpages = {11},
 url = {http://doi.acm.org/10.1145/342001.339682},
 doi = {10.1145/342001.339682},
 acmid = {339682},
 publisher = {ACM},
 address = {New York, NY, USA},
}

@article{Ferrante:1987:TOPLAS,
 author = {Ferrante, Jeanne and Ottenstein, Karl J. and Warren, Joe D.},
 title = {The program dependence graph and its use in optimization},
 journal = {ACM Trans. Program. Lang. Syst.},
 issue_date = {July 1987},
 volume = {9},
 number = {3},
 month = jul,
 year = {1987},
 issn = {0164-0925},
 pages = {319--349},
 numpages = {31},
 url = {http://doi.acm.org/10.1145/24039.24041},
 doi = {10.1145/24039.24041},
 acmid = {24041},
 publisher = {ACM},
 address = {New York, NY, USA},
}

@inproceedings{Ferriere:2007:SCOPES,
 author = {de Ferri\`{e}re, Fran\c{c}ois},
 title = {Improvements to the Psi-SSA representation},
 booktitle = {Proceedings of the 10th international workshop on Software \&
compilers for embedded systems},
 series = {SCOPES '07},
 year = {2007},
 location = {Nice, France},
 pages = {111--121},
 numpages = {11},
 url = {http://doi.acm.org/10.1145/1269843.1269859},
 doi = {10.1145/1269843.1269859},
 acmid = {1269859},
 publisher = {ACM},
 address = {New York, NY, USA},
}

@inproceedings{Gillies:1996:MICRO,
 author = {Gillies, David M. and Ju, Dz-ching Roy and Johnson, Richard and
Schlansker, Michael},
 title = {Global predicate analysis and its application to register allocation},
 booktitle = {Proceedings of the 29th annual ACM/IEEE international symposium on
Microarchitecture},
 series = {MICRO 29},
 year = {1996},
 isbn = {0-8186-7641-8},
 location = {Paris, France},
 pages = {114--125},
 numpages = {12},
 url = {http://dl.acm.org/citation.cfm?id=243846.243868},
 acmid = {243868},
 publisher = {IEEE Computer Society},
 address = {Washington, DC, USA},
}

@inproceedings{Goodman:1988:ICS,
 author = {Goodman, J. R. and Hsu, W.-C.},
 title = {Code scheduling and register allocation in large basic blocks},
 booktitle = {Proceedings of the 2nd international conference on
Supercomputing},
 series = {ICS '88},
 year = {1988},
 isbn = {0-89791-272-1},
 location = {St. Malo, France},
 pages = {442--452},
 numpages = {11},
 url = {http://doi.acm.org/10.1145/55364.55407},
 doi = {10.1145/55364.55407},
 acmid = {55407},
 publisher = {ACM},
 address = {New York, NY, USA},
}

@article{Havanki:1998:HPCA,
author = {W. Havanki and S. Banerjia and T. Conte},
title = {Treegion Scheduling for Wide Issue Processors},
journal ={High-Performance Computer Architecture, International Symposium on},
volume = {0},
isbn = {0-8186-8323-6},
year = {1998},
pages = {266},
doi = {http://doi.ieeecomputersociety.org/10.1109/HPCA.1998.650566},
publisher = {IEEE Computer Society},
address = {Los Alamitos, CA, USA},
}

@article{Hwu:1993:JS,
 author = {Hwu, Wen-Mei W. and Mahlke, Scott A. and Chen, William Y. and Chang,
Pohua P. and Warter, Nancy J. and Bringmann, Roger A. and Ouellette, Roland G.
and Hank, Richard E. and Kiyohara, Tokuzo and Haab, Grant E. and Holm, John G.
and Lavery, Daniel M.},
 title = {The superblock: an effective technique for VLIW and superscalar
compilation},
 journal = {J. Supercomput.},
 issue_date = {May 1993},
 volume = {7},
 number = {1-2},
 month = may,
 year = {1993},
 issn = {0920-8542},
 pages = {229--248},
 numpages = {20},
 url = {http://dx.doi.org/10.1007/BF01205185},
 doi = {10.1007/BF01205185},
 acmid = {172791},
 publisher = {Kluwer Academic Publishers},
 address = {Hingham, MA, USA},
}

@inproceedings{Johnson:1996:MICRO,
 author = {Johnson, Richard and Schlansker, Michael},
 title = {Analysis techniques for predicated code},
 booktitle = {Proceedings of the 29th annual ACM/IEEE international symposium on Microarchitecture},
 series = {MICRO 29},
 year = {1996},
 isbn = {0-8186-7641-8},
 location = {Paris, France},
 pages = {100--113},
 numpages = {14},
 url = {http://dl.acm.org/citation.cfm?id=243846.243867},
 acmid = {243867},
 publisher = {IEEE Computer Society},
 address = {Washington, DC, USA},
 keywords = {boolean operand, compiler analysis, compiler optimization, data flow analysis,
graph-based data structure, instruction-level parallelism, predicated code, program analysis tools,
run-time value},
}

@inproceedings{Lavery:1995:MICRO,
 author = {Lavery, Daniel M. and Hwu, Wen-Mei W.},
 title = {Unrolling-based optimizations for modulo scheduling},
 booktitle = {Proceedings of the 28th annual international symposium on
Microarchitecture},
 series = {MICRO 28},
 year = {1995},
 isbn = {0-8186-7349-4},
 location = {Ann Arbor, Michigan, United States},
 pages = {327--337},
 numpages = {11},
 url = {http://dl.acm.org/citation.cfm?id=225160.225209},
 acmid = {225209},
 publisher = {IEEE Computer Society Press},
 address = {Los Alamitos, CA, USA},
 keywords = {instruction-level parallelism, loop unrolling, modulo scheduling,
optimization, software pipelining},
}

@inproceedings{Leung:1999:PLDI,
 author = {Leung, Allen and George, Lal},
 title = {Static single assignment form for machine code},
 booktitle = {Proceedings of the ACM SIGPLAN 1999 conference on Programming
language design and implementation},
 series = {PLDI '99},
 year = {1999},
 isbn = {1-58113-094-5},
 location = {Atlanta, Georgia, United States},
 pages = {204--214},
 numpages = {11},
 url = {http://doi.acm.org/10.1145/301618.301667},
 doi = {10.1145/301618.301667},
 acmid = {301667},
 publisher = {ACM},
 address = {New York, NY, USA},
}

@article{Lowney:1993:JS,
 author = {Lowney, P. Geoffrey and Freudenberger, Stefan M. and Karzes, Thomas
J. and Lichtenstein, W. D. and Nix, Robert P. and O'Donnell, John S. and
Ruttenberg, John},
 title = {The multiflow trace scheduling compiler},
 journal = {J. Supercomput.},
 issue_date = {May 1993},
 volume = {7},
 number = {1-2},
 month = may,
 year = {1993},
 issn = {0920-8542},
 pages = {51--142},
 numpages = {92},
 url = {http://dx.doi.org/10.1007/BF01205182},
 doi = {10.1007/BF01205182},
 acmid = {172786},
 publisher = {Kluwer Academic Publishers},
 address = {Hingham, MA, USA},
}

@inproceedings{Mahlke:1992:ASPLOS,
 author = {Mahlke, Scott A. and Chen, William Y. and Hwu, Wen-mei W. and Rau, B. Ramakrishna and
Schlansker, Michael S.},
 title = {Sentinel scheduling for VLIW and superscalar processors},
 booktitle = {Proceedings of the fifth international conference on Architectural support for
programming languages and operating systems},
 series = {ASPLOS-V},
 year = {1992},
 isbn = {0-89791-534-8},
 location = {Boston, Massachusetts, United States},
 pages = {238--247},
 numpages = {10},
 url = {http://doi.acm.org/10.1145/143365.143529},
 doi = {10.1145/143365.143529},
 acmid = {143529},
 publisher = {ACM},
 address = {New York, NY, USA},
}

@article{Mahlke:1992:MICRO,
 author = {Mahlke, Scott A. and Lin, David C. and Chen, William Y. and Hank,
Richard E. and Bringmann, Roger A.},
 title = {Effective compiler support for predicated execution using the
hyperblock},
 journal = {SIGMICRO Newsl.},
 issue_date = {Dec. 1992},
 volume = {23},
 number = {1-2},
 month = dec,
 year = {1992},
 issn = {1050-916X},
 pages = {45--54},
 numpages = {10},
 url = {http://doi.acm.org/10.1145/144965.144998},
 doi = {10.1145/144965.144998},
 acmid = {144998},
 publisher = {ACM},
 address = {New York, NY, USA},
}

@inproceedings{Mahlke:1995:ISCA,
 author = {Mahlke, Scott A. and Hank, Richard E. and McCormick, James E. and
August, David I. and Hwu, Wen-Mei W.},
 title = {A comparison of full and partial predicated execution support for ILP
processors},
 booktitle = {Proceedings of the 22nd annual international symposium on Computer
architecture},
 series = {ISCA '95},
 year = {1995},
 isbn = {0-89791-698-0},
 location = {S. Margherita Ligure, Italy},
 pages = {138--150},
 numpages = {13},
 url = {http://doi.acm.org/10.1145/223982.225965},
 doi = {10.1145/223982.225965},
 acmid = {225965},
 publisher = {ACM},
 address = {New York, NY, USA},
}

@techreport{Park:1991:TR58,
 author = {J. C. Park and M. S. Schlansker},
 title = {On Predicated Execution},
 institution = {Hewlett Packard Laboratories},
 address = {Palo Alto, California},
 number = {HPL-91-58},
 year = {1991},
}

@inproceedings{Pillai:2003:DATE,
 author = {Pillai, Satish and Jacome, Margarida F.},
 title = {Compiler-Directed ILP Extraction for Clustered VLIW/EPIC Machines:
Predication, Speculation and Modulo Scheduling},
 booktitle = {Proceedings of the conference on Design, Automation and Test in
Europe - Volume 1},
 series = {DATE '03},
 year = {2003},
 isbn = {0-7695-1870-2},
 pages = {10422--},
 url = {http://dl.acm.org/citation.cfm?id=789083.1022764},
 acmid = {1022764},
 publisher = {IEEE Computer Society},
 address = {Washington, DC, USA},
}

@article{Pillai:2005:TCAD,
  author    = {Satish Pillai and
               Margarida F. Jacome},
  title     = {Predicated switching - optimizing speculation on EPIC machines},
  journal   = {IEEE Trans. on CAD of Integrated Circuits and Systems},
  volume    = {24},
  number    = {3},
  year      = {2005},
  pages     = {318-335},
  ee        = {http://dx.doi.org/10.1109/TCAD.2004.842804},
  bibsource = {DBLP, http://dblp.uni-trier.de}
}

@inproceedings{Schlansker:1999:PLDI,
 author = {Schlansker, Michael and Mahlke, Scott and Johnson, Richard},
 title = {Control CPR: a branch height reduction optimization for EPIC
architectures},
 booktitle = {Proceedings of the ACM SIGPLAN 1999 conference on Programming
language design and implementation},
 series = {PLDI '99},
 year = {1999},
 isbn = {1-58113-094-5},
 location = {Atlanta, Georgia, United States},
 pages = {155--168},
 numpages = {14},
 url = {http://doi.acm.org/10.1145/301618.301659},
 doi = {10.1145/301618.301659},
 acmid = {301659},
 publisher = {ACM},
 address = {New York, NY, USA},
}

@inproceedings{Stoutchinin:2001:MICRO,
 author = {Stoutchinin, Arthur and de Ferriere, Francois},
 title = {Efficient static single assignment form for predication},
 booktitle = {Proceedings of the 34th annual ACM/IEEE international symposium on
Microarchitecture},
 series = {MICRO 34},
 year = {2001},
 isbn = {0-7695-1369-7},
 location = {Austin, Texas},
 pages = {172--181},
 numpages = {10},
 url = {http://dl.acm.org/citation.cfm?id=563998.564022},
 acmid = {564022},
 publisher = {IEEE Computer Society},
 address = {Washington, DC, USA},
}

@inproceedings{Stoutchinin:2004:EuroPar,
  author    = {Arthur Stoutchinin and
               Guang R. Gao},
  title     = {If-Conversion in SSA Form},
  booktitle = {10th International Euro-Par Conference},
  year      = {2004},
  pages     = {336-345},
  publisher = {Springer},
  series    = {Lecture Notes in Computer Science},
  volume    = {3149},
  ee        = {http://dx.doi.org/10.1007/978-3-540-27866-5_43},
  bibsource = {DBLP, http://dblp.uni-trier.de}
}

@inproceedings{Young:1998:MICRO,
 author = {Young, Cliff and Smith, Michael D.},
 title = {Better global scheduling using path profiles},
 booktitle = {Proceedings of the 31st annual ACM/IEEE international symposium on
Microarchitecture},
 series = {MICRO 31},
 year = {1998},
 isbn = {1-58113-016-3},
 location = {Dallas, Texas, United States},
 pages = {115--123},
 numpages = {9},
 url = {http://dl.acm.org/citation.cfm?id=290940.290968},
 acmid = {290968},
 publisher = {IEEE Computer Society Press},
 address = {Los Alamitos, CA, USA},
 keywords = {global instruction scheduling, path profiling, superblock
scheduling},
}

