This file was created with JabRef 2.2b2.
Encoding: UTF8

@ARTICLE{boyer:1989:efflattice,
  author = {Hassan A\"{\i}t-Kaci and Robert Boyer and Patrick Lincoln and Roger Nasr},
  title = {{E}fficient {I}mplementation of {L}attice {O}perations},
  journal = {ACM Transactions on Programming Languages and Systems},
  year = {1989},
  volume = {11},
  pages = {115--146},
  number = {1},
  address = {New York, NY, USA},
  doi = {http://doi.acm.org/10.1145/59287.59293},
  issn = {0164-0925},
  owner = {shack},
  publisher = {ACM Press},
  timestamp = {2007.09.07}
}

@ARTICLE{briggs:1993:sparse,
  author = {Preston Briggs and Linda Torczon},
  title = {{A}n {E}fficient {R}epresentation for {S}parse {S}ets},
  journal = {ACM Letters on Programming Languages and Systems},
  year = {1993},
  volume = {2},
  pages = {59--69},
  number = {1-4},
  address = {New York, NY, USA},
  doi = {http://doi.acm.org/10.1145/176454.176484},
  issn = {1057-4514},
  publisher = {ACM Press}
}

@ARTICLE{1995:swpipe,
  author = {Vicki H. Allan and Reese B. Jones and Randall M. Lee and Stephen J. Allan},
  title = {{S}oftware {P}ipelining},
  journal = {ACM Computing Surveys},
  year = {1995},
  volume = {27},
  pages = {367--432},
  number = {3},
  address = {New York, NY, USA},
  doi = {http://doi.acm.org/10.1145/212094.212131},
  issn = {0360-0300},
  publisher = {ACM Press}
}

@BOOK{appel:2002:modern,
  title = {{M}odern {C}ompiler {I}mplementation in {J}ava},
  publisher = {Cambridge University Press},
  year = {2002},
  author = {Andrew W. Appel and Jens Palsberg},
  edition = {Second},
  date-added = {2005-05-22 17:44:56 +0200},
  date-modified = {2005-05-22 17:47:31 +0200}
}

@INPROCEEDINGS{bouchez:lcpc,
  author = {Florent Bouchez and Alain Darte and Christophe Guillon and Fabrice Rastello},
  title = {{R}egister {A}llocation: {W}hat does the {NP}-{C}ompleteness {P}roof of {C}haitin et al. {R}eally {P}rove?},
  booktitle = {The 19th International Workshop on Languages and Compilers for Parallel Computing (LCPC'06), November 2-4, 2006, New Orleans, Louisiana},
  year = {2006},
  series = {LNCS},
  publisher = {Springer Verlag},
  pdf = {http://perso.ens-lyon.fr/fabrice.rastello/Biblio_Perso/Articl es/lcpc06.pdf}
}

@ARTICLE{briggs:1998:ssa,
  author = {Preston Briggs and Keith D.Cooper and Timothy J. Harvey and L. Taylor Simpson},
  title = {{P}ractical {I}mprovements to the {C}onstruction and {D}estruction of {S}tatic {S}ingle {A}ssignment {F}orm},
  journal = {Software: Practice and Experience},
  year = {1998},
  volume = {28},
  pages = {859--881},
  number = {8},
  month = {July},
  owner = {hack}
}

@CONFERENCE{brisk:2005:poly,
  author = {Brisk, Philip and Dabiri, Foad and Macbeth, Jamie and Sarrafzadeh, Majid},
  title = {{P}olynomial {T}ime {G}raph {C}oloring {R}egister {A}llocation},
  booktitle = {14th International Workshop on Logic and Synthesis},
  year = {2005},
  publisher = {ACM Press},
  owner = {hack}
}

@INPROCEEDINGS{budimlic:2002:coalescing,
  author = {Zoran Budimli\'c and Keith D. Cooper and Timothy J. Harvey and Ken Kennedy and Timothy S. Oberg and Steven W. Reeves},
  title = {{F}ast {C}opy {C}oalescing and {L}ive-{R}ange {I}dentification},
  booktitle = {Proceedings of the ACM SIGPLAN 2002 Conference on Programming Language Design and Implementation},
  year = {2002},
  pages = {25-32},
  publisher = {ACM Press},
  date-modified = {2005-05-22 17:41:34 +0200},
  doi = {http://doi.acm.org/10.1145/512529.512534},
  isbn = {1-58113-463-0},
  location = {Berlin, Germany}
}

@TECHREPORT{cooper:2002:dataflow,
  author = {Keith D. Cooper and Timothy J. Harvey and Ken Kennedy},
  title = {{I}terative {D}ata-{F}low {A}nalysis, {R}evisited},
  institution = {Rice University},
  year = {2002},
  number = {TR04-100},
  organization = {Department of Computer Science},
  url = {http://www.cs.rice.edu/~harv/my_papers/worklist.pdf}
}

@BOOK{cooper:2004:engineering,
  title = {{E}ngineering a {C}ompiler},
  publisher = {Morgan Kaufmann},
  year = {2004},
  author = {Keith D. Cooper and Linda Torczon},
  owner = {shack},
  timestamp = {2007.09.11}
}

@ARTICLE{cytron:1991:ssa,
  author = {R. Cytron and J. Ferrante and B. K. Rosen and M. N. Wegman and F. K. Zadek},
  title = {{E}fficiently {C}omputing {S}tatic {S}ingle {A}ssignment {F}orm and the {C}ontrol {D}ependence {G}raph},
  journal = {ACM Transactions on Programming Languages and Systems},
  year = {1991},
  volume = {13},
  pages = {451--490},
  number = {4},
  month = oct,
  date-modified = {2005-05-25 15:09:01 +0200}
}

@INPROCEEDINGS{cytron:1993:mayalias,
  author = {Ron Cytron and Reid Gershbein},
  title = {{E}fficient {A}ccommodation of {M}ay-{A}lias {I}nformation in {SSA} {F}orm},
  booktitle = {PLDI'93: Proceedings of the ACM SIGPLAN 1993 Conference on Programming Language Design and Implementation},
  year = {1993},
  pages = {36--45},
  month = jun
}

@PHDTHESIS{fis:1979:scheduling,
  author = {Joseph Allen Fisher},
  title = {{T}he {O}ptimization of {H}orizontal {M}icrocode {W}ithin and {B}eyond {B}asic {B}locks: {A}n {A}pplication of {P}rocessor {S}cheduling with {R}esources},
  year = {1979}
}

@TECHREPORT{gerlek94reference,
  author = {M. Gerlek and M. Wolfe and E. Stoltz},
  title = {{A} {R}eference {C}hain {A}pproach for {L}ive {V}ariables},
  institution = {Oregon Graduate Institute of Science \& Technology},
  year = {1994},
  number = {CSE 94-029},
  url = {citeseer.ist.psu.edu/gerlek94reference.html}
}

@TECHREPORT{hack:2005:chordal,
  author = {Sebastian Hack},
  title = {{I}nterference {G}raphs of {P}rograms in {SSA} {F}orm},
  institution = {Universit\"{a}t Karlsruhe},
  year = {2005},
  number = {2005-15},
  month = {June},
  organization = {Universit\"at Karlsruhe},
  url = {http://www.info.uni-karlsruhe.de/~hack/ifg_ssa.pdf}
}

@ARTICLE{HG:2006:RA,
  author = {Sebastian Hack and Gerhard Goos},
  title = {{O}ptimal {R}egister {A}llocation for {SSA}-{F}orm {P}rograms in {P}olynomial {T}ime},
  journal = {Information Processing Letters},
  year = {2006},
  volume = {98},
  pages = {150--155},
  number = {4},
  month = {May},
  booktitle = {Information Processing Letters},
  publisher = {Elsevier},
  url = {http://dx.doi.org/10.1016/j.ipl.2006.01.008}
}

@INPROCEEDINGS{HGG:2006:RA_SSA,
  author = {Sebastian Hack and Daniel Grund and Gerhard Goos},
  title = {{R}egister {A}llocation for {P}rograms in {SSA} form},
  booktitle = {Compiler Construction 2006},
  year = {2006},
  editor = {Andreas Zeller and Alan Mycroft},
  volume = {3923},
  month = {March},
  publisher = {Springer},
  abstract = {As register allocation is one of the most important phases in optimizing
	compilers, much work has been done to improve its quality and speed.
	We present a novel register allocation architecture for programs
	in SSA-form which simplifies register allocation significantly. We
	investigate certain properties of SSA-programs and their interference
	graphs, showing that they belong to the class of chordal graphs.
	This leads to a quadratic-time optimal coloring algorithm and allows
	for decoupling the tasks of coloring, spilling and coalescing completely.
	After presenting heuristic methods for spilling and coalescing, we
	compare our coalescing heuristic to an optimal method based on integer
	linear programming.},
  journal = {Lecture Notes In Computer Science},
  url = {http://dx.doi.org/10.1007/11688839_20}
}

@TECHREPORT{HGG:2005:RegisterSSA,
  author = {Sebastian Hack and Daniel Grund and Gerhard Goos},
  title = {{T}owards {R}egister {A}llocation for {P}rograms in {SSA} {F}orm},
  institution = {University of Karlsruhe},
  year = {2005},
  number = {2005-27},
  month = {September},
  abstract = {In this technical report, we present an architecture for register
	allocation on the SSA-form. We show, how the properties of SSA-form
	programs and their interference graphs can be exploited to develop
	new methods for spilling, coloring and coalescing. We present heuristic
	and optimal solution methods for these three subtasks.},
  organization = {Universit√§t Karlsruhe},
  url = {http://www.info.uni-karlsruhe.de/~hack/ra_ssa.pdf}
}

@ARTICLE{havlak:loop,
  author = {Paul Havlak},
  title = {{N}esting of {R}educible and {I}rreducible {L}oops},
  journal = {ACM Transactions on Programming Languages and Systems},
  year = {1997},
  volume = {19},
  pages = {557--567},
  number = {4},
  address = {New York, NY, USA},
  doi = {http://doi.acm.org/10.1145/262004.262005},
  issn = {0164-0925},
  publisher = {ACM Press}
}

@INPROCEEDINGS{hecht:reducible,
  author = {Matthew S. Hecht and Jeffrey D. Ullman},
  title = {{F}low {G}raph {R}educibility},
  booktitle = {STOC '72: Proceedings of the Fourth Annual ACM Symposium on Theory of Computing},
  year = {1972},
  pages = {238--250},
  address = {New York, NY, USA},
  publisher = {ACM Press},
  doi = {http://doi.acm.org/10.1145/800152.804919},
  location = {Denver, Colorado, United States}
}

@ARTICLE{hecht:reduciblecharacter,
  author = {M. S. Hecht and J. D. Ullman},
  title = {{C}haracterizations of {R}educible {F}low {G}raphs},
  journal = {J. ACM},
  year = {1974},
  volume = {21},
  pages = {367--375},
  number = {3},
  address = {New York, NY, USA},
  doi = {http://doi.acm.org/10.1145/321832.321835},
  issn = {0004-5411},
  publisher = {ACM Press}
}

@INPROCEEDINGS{kildall,
  author = {Gary A. Kildall},
  title = {{A} {U}nified {A}pproach to {G}lobal {P}rogram {O}ptimization},
  booktitle = {POPL '73: Proceedings of the 1st Annual ACM SIGACT-SIGPLAN Symposium on Principles of Programming Languages},
  year = {1973},
  pages = {194--206},
  address = {New York, NY, USA},
  publisher = {ACM Press},
  doi = {http://doi.acm.org/10.1145/512927.512945},
  location = {Boston, Massachusetts}
}

@ARTICLE{lengauer:1979:dominators,
  author = {T. Lengauer and R. E. Tarjan},
  title = {{A} {F}ast {A}lgorithm for {F}inding {D}ominators in a {F}lowgraph},
  journal = {Transactions on Programming Languages And Systems},
  year = {1979},
  volume = {1},
  pages = {121--141},
  number = {1},
  month = {July},
}

@INPROCEEDINGS{leung:1999:ssa_mach,
  author = {Allen Leung and Lal George},
  title = {{S}tatic {S}ingle {A}ssignment {F}orm for {M}achine {C}ode},
  booktitle = {{SIGPLAN} Conference on Programming Language Design and Implementation},
  year = {1999},
  pages = {204-214},
  url = {citeseer.ist.psu.edu/leung99static.html}
}

@INPROCEEDINGS{leung:ssamach,
  author = {Allen Leung and Lal George},
  title = {{S}tatic {S}ingle {A}ssignment {F}orm for {M}achine {C}ode},
  booktitle = {PLDI '99: Proceedings of the ACM SIGPLAN 1999 Conference on Programming Language Design and Implementation},
  year = {1999},
  pages = {204--214},
  address = {New York, NY, USA},
  publisher = {ACM Press},
  doi = {http://doi.acm.org/10.1145/301618.301667},
  isbn = {1-58113-094-5},
  location = {Atlanta, Georgia, United States}
}

@TECHREPORT{BBGL:05:firm,
  author = {G{\"o}tz Lindenmaier and Michael Beck and Boris Boesler and Rubino Gei\ss},
  title = {{F}irm, an {I}ntermediate {L}anguage for {C}ompiler {R}esearch},
  institution = {University of Karlsruhe},
  year = {2005},
  number = {2005-8},
  month = {3},
  organization = {Dept. of Computer Science, University of Karlsruhe (TH)},
  pages = {19},
  publisher = {University of Karlsruhe},
  school = {University of Karlsruhe},
  url = {http://www.ubka.uni-karlsruhe.de/cgi-bin/pslist?path=ira/2005}
}

@BOOK{morgan:compiler,
  title = {{B}uilding an {O}ptimizing {C}ompiler},
  publisher = {Digital Press},
  year = {1998},
  author = {Robert Morgan},
  address = {Newton, MA, USA},
  isbn = {1-55558-179-X}
}

@BOOK{muchnick:1998:compiler,
  title = {{A}dvanced {C}ompiler {D}esign and {I}mplementation},
  publisher = {Morgan Kaufmann Publishers},
  year = {1998},
  author = {Steven S. Muchnick},
  owner = {hack},
  timestamp = {2006.09.07}
}

@BOOK{nielson:1999:principles,
  title = {{P}rinciples of {P}rogram {A}nalysis},
  publisher = {Springer},
  year = {1999},
  author = {Flemming Nielson and Hanne Riis Nielson and Chris Hankin},
  owner = {hack}
}

@INPROCEEDINGS{paleczny:2001:hotspotcomp,
  author = {Michael Paleczny and Christopher Vick and Cliff Click},
  title = {{T}he {J}ava {H}ot{S}pot\texttrademark {S}erver {C}ompiler},
  booktitle = {Proceedings of the Java‚Ñ¢ Virtual Machine Research and Technology Symposium (JVM '01)},
  year = {2001},
  month = {April},
  owner = {Sebastian Hack},
  timestamp = {2006.05.16}
}

@INPROCEEDINGS{ramalingam:loopforest,
  author = {G. Ramalingam},
  title = {{O}n {L}oops, {D}ominators, and {D}ominance {F}rontier},
  booktitle = {PLDI '00: Proceedings of the ACM SIGPLAN 2000 Conference on Programming Language Design and Implementation},
  year = {2000},
  pages = {233--241},
  address = {New York, NY, USA},
  publisher = {ACM Press},
  doi = {http://doi.acm.org/10.1145/349299.349330},
  isbn = {1-58113-199-2},
  location = {Vancouver, British Columbia, Canada}
}

@CONFERENCE{rastello:2004:ssadestr,
  author = {Fabrice Rastello and Francois de Ferri√®re and Christophe Guillon},
  title = {{O}ptimizing {T}ranslation {O}ut of {SSA} {U}sing {R}enaming {C}onstraints},
  booktitle = {International Symposium on Code Generation and Optimization},
  year = {2004},
  pages = {265-278},
  month = {March},
  publisher = {IEEE Computer Society Press},
  owner = {hack}
}

@TECHREPORT{rastello:2003:ssadestr,
  author = {Fabrice Rastello and Francois de Ferri√®re and Christophe Guillon},
  title = {{O}ptimizing {T}ranslation {O}ut of {SSA} with {R}enaming {C}onstraints},
  institution = {LIP, ENS Lyon},
  year = {2003},
  number = {RR-03-35},
  month = {June},
  owner = {hack}
}

@INPROCEEDINGS{zadeck:1988:global,
  author = {B. K. Rosen and M. N. Wegman and F. K. Zadeck},
  title = {{G}lobal {V}alue {N}umbers and {R}edundant {C}omputations},
  booktitle = {POPL '88: Proceedings of the 15th ACM SIGPLAN-SIGACT Symposium on Principles of Programming Languages},
  year = {1988},
  pages = {12--27},
  address = {New York, NY, USA},
  publisher = {ACM Press},
  doi = {http://doi.acm.org/10.1145/73560.73562},
  isbn = {0-89791-252-7},
  location = {San Diego, California, United States}
}

@ARTICLE{shieh:1992:encodereach,
  author = {Wen-Gong Shieh and Bob P. Weems and Krishna M. Kavi},
  title = {{E}xtending {N}-grid {G}roup {A}uthorization {U}sing {C}ompact {E}ncoding},
  year = {1992},
  pages = {190--196},
  address = {New York, NY, USA},
  booktitle = {SAC '92: Proceedings of the 1992 ACM/SIGAPP Symposium on Applied Computing},
  doi = {http://doi.acm.org/10.1145/143559.143639},
  isbn = {0-89791-502-X},
  location = {Kansas City, Missouri, United States},
  publisher = {ACM Press}
}

@INPROCEEDINGS{sreedhar:ssa,
  author = {Vugranam C. Sreedhar and Roy Dz-Ching Ju and David M. Gillies and Vatsa Santhanam},
  title = {{T}ranslating {O}ut of {S}tatic {S}ingle {A}ssignment {F}orm},
  booktitle = {SAS '99: Proceedings of the 6th International Symposium on Static Analysis},
  year = {1999},
  pages = {194--210},
  address = {London, UK},
  publisher = {Springer-Verlag},
  isbn = {3-540-66459-9}
}

@ARTICLE{tarjan:dfs,
  author = {Robert Tarjan},
  title = {{D}epth-{F}irst {S}earch and {L}inear {G}raph {A}lgorithms},
  journal = {SIAM Journal on Computing},
  year = {1972},
  volume = {1},
  pages = {146-160},
  number = {2},
  doi = {10.1137/0201010},
  keywords = {Algorithm; backtracking; biconnectivity; connectivity; depth-first;
	graph; search; spanning tree; strong-connectivity},
  publisher = {SIAM},
  url = {http://link.aip.org/link/?SMJ/1/146/1}
}

@BOOK{hackdel,
  title = {{H}acker's {D}elight},
  publisher = {Addison Wesley},
  year = {2002},
  author = {Henry S. Warren},
  owner = {Sebastian Hack},
  timestamp = {2006.06.27}
}

@TECHREPORT{singer:2006:phd,
  author = {Singer, Jeremy},
  title = {{S}tatic {P}rogram {A}nalysis {B}ased on {V}irtual {R}egister {R}enaming},
  institution = {University of Cambridge, Computer Laboratory},
  year = {2006},
  number = {UCAM-CL-TR-660},
  month = feb,
  issn = {1476-2986},
  url = {http://www.cl.cam.ac.uk/techreports/UCAM-CL-TR-660.pdf}
}

@INPROCEEDINGS{pereira:2005:chordal,
  author = {Fernando Magno Quintao Pereira and Jens Palsberg},
  title = {{R}egister {A}llocation via {C}oloring of {C}hordal {G}raphs},
  booktitle = {Proceedings of APLAS'05},
  year = {2005},
  volume = {3780},
  series = {LNCS},
  pages = {315--329},
  month = {November},
  publisher = {Springer},
  comment = {To appear},
  owner = {hack}
}


@inproceedings{bdd:2000:lao,
 author = {B. Dupont de Dinechin and F. de Ferri and C. Guillon and A.  Stoutchinin},
 title = {{C}ode {G}enerator {O}ptimizations for the {ST120} {DSP-MCU} {C}ore},
 booktitle = {CASES '00: Proceedings of the 2000 international conference on Compilers, architecture, and synthesis for embedded systems},
 year = {2008},
 isbn = {1-58113-338-3},
 pages = {93--102},
 location = {San Jose, California, United States},
 doi = {http://doi.acm.org/10.1145/354880.354894},
 publisher = {ACM},
 address = {New York, NY, USA},
}

@conference{cornero:2008:lao-cli,
 author = {Marco Cornero and Roberto Costa and Ricardo Fernandez Pascual and Andrea Ornstein and Erven Rohou},
 title = {{A}n {E}xperimental {E}nvironment {V}alidating the {S}uitability of {CLI} as an {E}ffective {D}eployment {F}ormat for {E}mbedded {S}ystems},
 booktitle = {International Conference on High Performance Embedded Architectures \& Compilers, HiPEAC 2008},
 year = {2008},
 series = {To be published in Lecture Notes In Computer Science},
}


