@InProceedings{BWZ94,
  author =       {Olaf Bachmann and Paul S. Wang and Eugene V. Zima},
  title =        {Chains of recurrences a method to expedite
                  the evaluation of closed-form functions},
  booktitle =    {Proceedings of the international symposium
                  on Symbolic and algebraic computation},
  year =         {1994},
  pages =        {242--249},
  location =     {Oxford, UK},
  publisher =    {ACM Press}}

@InProceedings{KMZ98,
  author =       {V. Kislenkov and V. Mitrofanov and E. Zima},
  title =        {Multidimensional chains of recurrences},
  booktitle =    {Proceedings of the 1998 international symposium on
                  symbolic and algebraic computation},
  year =         1998,
  pages =        {199--206},
  location =     {Rostock, Germany},
  publisher =    {ACM Press}
}

@InProceedings{Zim01,
  author =       {Eugene V. Zima},
  title =        {On computational properties of chains of recurrences},
  booktitle =    {Proceedings of the 2001 international symposium on
                  symbolic and algebraic computation},
  year =         {2001},
  pages =        {345--352},
  location =     {London, Ontario},
  publisher =    {ACM Press}
}
