% Bibliography file for "Partial Redundancy Elimination"
@article{MR79,
 author = {Morel, E. and Renvoise, C.},
 title = {Global optimization by suppression of partial redundancies},
 journal = {Communications of the ACM},
 volume = {22},
 number = {2},
 year = {1979},
 pages = {96--103},
}
@conference{Knoop92,
 author = {Knoop, J. and Ruthing, O. and Steffen, B.},
 title = {Lazy code motion},
 booktitle = {Proceedings of the ACM SIGPLAN '92 Conference on Programming Language Design and Implementation},
 year = {1992},
 pages = {224--234},
}
@article{Knoop94,
 author = {Knoop, J. and Ruthing, O. and Steffen, B.},
 title = {Optimal code motion: theory and practice},
 journal = {ACM Trans. Program. Lang. Syst.},
 volume = {16},
 number = {4},
 year = {1994},
 pages = {1117--1155},
}
@article{Kennedy72,
 author = {Kennedy, K.},
 title = {Safety of code motion},
 journal = {International Journal of Computer Mathematics},
 volume = {3},
 number = {2 and 3},
 pages = {117--130},
 year = {1972},
}
@conference{Chow97,
 author = {Chow, F. and Chan, S. and Kennedy, R. and Liu, S. and Lo, R. and Tu, P.},
 title = {A new algorithm for partial redundancy elimination based on SSA form},
 booktitle = {Proceedings of the ACM SIGPLAN '97 Conference on Programming Language Design and Implementation},
 year = {1997},
 pages = {273--286},
}
@article{Kennedy99,
 author = {Kennedy, R. and Chan, S. and Liu, S. and Lo, R. and Tu, P. and Chow, F.},
 title = {Partial Redundancy Elimination in SSA Form},
 journal = {ACM Trans. Program. Lang. Syst.},
 volume = {21},
 number = {3},
 year = {1999},
 pages = {627--676},
}
@conference{Rosen88,
 author = {Rosen, B. K. and Wegman, M. N. and Zadeck, F. K.},
 title = {Global value numbers and redundant computations},
 booktitle = {Conference Record of the Fifteenth ACM Symposium on Principles of Programming Languages},
 year = {1988},
 pages = {12--27},
}
@article{DS93,
 author = {Drechsler, K. and Stadel, M.},
 title = {A variation of Knoop, Ruthing and Steffen's lazy code motion},
 journal = {SIGPLAN Notices},
 volume = {28},
 number = {5},
 year = {1993},
 pages = {29--38},
}


