@ARTICLE{cytron:1991:ssa,
  author = {R. Cytron and J. Ferrante and B. K. Rosen and M. N. Wegman and F.
	K. Zadek},
  title = {Efficiently Computing Static Single Assignment Form and the Control
	Dependence Graph},
  journal = {ACM Transactions on Programming Languages and Systems},
  year = {1991},
  volume = {13},
  pages = {451--490},
  number = {4},
  month = oct,
  date-modified = {2005-05-25 15:09:01 +0200}
}

@BOOK{appel:2002:modern,
  title = {{Modern Compiler Implementation in Java}},
  publisher = {Cambridge University Press},
  year = {2002},
  author = {Andrew W. Appel and Jens Palsberg},
  edition = {Second},
  date-added = {2005-05-22 17:44:56 +0200},
  date-modified = {2005-05-22 17:47:31 +0200}
}

@phdthesis{click:thesis,
	title = {Combining Analyses, Combining Optimizations},
	author = {Clifford Click},
	school = {Rice University},
	year = {1995},
	month = {February},
}

@INPROCEEDINGS{sastry98,
	author = {A. V. S. Sastry and Roy D. C. Ju},
	title = {A new algorithm for scalar register promotion based on {SSA} form},
	booktitle = {PLDI '98: Proceedings of the conference on Programming language design and implementation},
	year = {1998},
	isbn = {0-89791-987-4},
	pages = {15--25},
	location = {Montreal, Quebec, Canada},
	doi = {10.1145/277650.277656},
	publisher = {ACM},
	address = {New York, NY, USA},
}

@article{Aycock_Horspool_2000,
	title={Simple Generation of Static Single-Assignment Form},
	url={http://www.springerlink.com/index/mpt59guy0pm7vm3r.pdf},
	journal={Compiler Construction},
	author={Aycock, John and Horspool, Nigel},
	year={2000},
	pages={110--125}}


@inproceedings{Ramalingam:1994iq,
author = {Ramalingam, G and Reps, Thomas},
title = {{An Incremental Algorithm for Maintaining the Dominator Tree of a Reducible Flowgraph}},
booktitle = {Proceedings of the 21st ACM SIGPLAN-SIGACT symposium on Principles of programming languages - POPL '94},
year = {1994},
pages = {287--296},
publisher = {ACM Press},
address = {New York, New York, USA}
}

@inproceedings{Choi:1996ji,
author = {Choi, Jong and Sarkar, Vivek and Schonberg, Edith},
title = {{Incremental computation of static single assignment form}},
booktitle = {Compiler Construction},
year = {1996},
pages = {223--237},
organization = {IBM T.J. Watson Research Center P. O. Box 704 10598 Yorktown Heights NY P. O. Box 704 10598 Yorktown Heights NY},
publisher = {Springer Berlin / Heidelberg},
annote = {10.1007/3-540-61053-7{\_}64}
}
@inproceedings{Sreedhar:1995:ICD:202529.202531,
author = {Sreedhar, Vugranam C. and Gao, Guang R. and Lee, Yong-fong},
title = {{Incremental computation of dominator trees}},
booktitle = {Papers from the 1995 ACM SIGPLAN workshop on Intermediate representations},
year = {1995},
pages = {1--12},
publisher = {ACM},
address = {New York, NY, USA}
}

@inproceedings{Sreedhar:1996:NFE:231379.231434,
author = {Sreedhar, Vugranam C. and Gao, Guang R. and Lee, Yong-fong},
title = {{A new framework for exhaustive and incremental data flow analysis using DJ graphs}},
booktitle = {Proceedings of the ACM SIGPLAN 1996 conference on Programming language design and implementation},
year = {1996},
pages = {278--290},
publisher = {ACM},
address = {New York, NY, USA}
}

