@Article{May89,
  author =	 {Cathy May},
  title =	 {The Parallel Assignment Problem Redefined},
  journal =	 {IEEE Transactions on Software Engineering},
  year =	 1989,
  volume =	 15,
  number =	 6,
  pages =	 {821-824},
  month =	 jun
}

@INPROCEEDINGS{Rastello:2004:CGO,
  author =	 {Fabrice Rastello and Fran\c{c}ois {de Ferri\`{e}re} and
                  Christophe Guillon},
  title =	 {Optimizing translation out of {SSA} using renaming
                  constraints},
  PUBLISHER =	 {IEEE Computer Society Press},
  BOOKTITLE =	 {International Symposium on Code Generation and Optimization
                  (CGO'04)},
  year =	 2004,
  pages =	 {265-278}
}

@INPROCEEDINGS{leung:1999:ssa_mach,
  author =	 {Allen Leung and Lal George},
  title =	 {Static Single Assignment Form for Machine Code},
  booktitle =	 {International Conference on Programming Language Design and Implementation (PLDI'99)},
  year =	 1999,
  pages =	 {204-214},
  url =		 {citeseer.ist.psu.edu/leung99static.html},
  publisher =	 {ACM Press}
}

@inproceedings{Rosen88,
 author = {Rosen, B. K. and Wegman, M. N. and Zadeck, F. K.},
 title = {Global value numbers and redundant computations},
 booktitle = {Conference Record of the Fifteenth ACM Symposium on Principles of Programming Languages},
 year = {1988},
 pages = {12--27},
}

@inproceedings{AlpernWZ88,
  author =	 {Bowen Alpern and Mark N. Wegman and F. Kenneth Zadeck},
  title =	 {Detecting Equality of Variables in Programs},
  booktitle =	 {15th Symposium on
                  Principles of Programming Languages (POPL'88)},
  year =	 1988,
  pages =	 {1--11},
  location =	 {San Diego, California, United States},
  publisher =	 {ACM}
}

@inproceedings{Chaitin82,
  author =	 {Gregory J. Chaitin},
  title =	 {Register allocation \& spilling via graph coloring},
  booktitle =	 {SIGPLAN Symp. on Compiler
                  Construction (CC'82)},
  year =	 1982,
  isbn =	 {0-89791-074-5},
  pages =	 {98--101},
  location =	 {Boston, Massachusetts, United States},
}

@BOOK{appel:2002:modern,
  title =	 {Modern Compiler Implementation in Java},
  publisher =	 {Cambridge University Press},
  year =	 2002,
  author =	 {Andrew W. Appel and Jens Palsberg},
  edition =	 {Second},
  date-added =	 {2005-05-22 17:44:56 +0200},
  date-modified ={2005-05-22 17:47:31 +0200}
}

@article{Chaitin81,
  author =	 {Gregory J. Chaitin and Marc A. Auslander and Ashok K. Chandra
                  and John Cocke and Martin E. Hopkins and Peter W. Markstein},
  title =	 "Register allocation via coloring",
  journal =	 {Computer Languages},
  year =	 1981,
  month =	 jan,
  volume =	 6,
  pages =	 "47--57"
}

@InProceedings{VC+99,
  author =	 {Vugranam C. Sreedhar and Roy Dz-Ching Ju and David M. Gillies
                  and Vatsa Santhanam},
  title =	 {Translating Out of Static Single Assignment Form},
  booktitle =	 {Static Analysis Symposium (SAS'99)},
  year =	 1999,
  address =	 {Italy},
  pages =	 {194 -- 204}
}


@Article{BriggsSSA,
  author =	 "Preston Briggs and Keith D. Cooper and Timothy J. Harvey and
                  L. Taylor Simpson",
  title =	 "Practical Improvements to the Construction and Destruction of
                  Static Single Assignment Form",
  journal =	 "Software -- Practice and Experience",
  volume =	 28,
  number =	 8,
  pages =	 "859--881",
  day =		 10,
  month =	 jul,
  year =	 1998,
  coden =	 "SPEXBL",
  ISSN =	 "0038-0644"
}

@Article{CFR+91,
  author =	 {Ron Cytron and Jeanne Ferrante and Barry K. Rosen and Mark
                  N. Wegman and F. Kenneth Zadeck},
  title =	 {Efficiently Computing Static Single Assignment Form and the
                  Control Dependence Graph},
  journal =	 TOPLAS,
  number =	 4,
  volume =	 13,
  year =	 1991,
  pages =	 {451 -- 490}
}

@inproceedings{Budimlic02,
  author =	 {Zoran Budimli\'{c} and Keith D. Cooper and Timothy J. Harvey
                  and Ken Kennedy and Timothy S. Oberg and Steven W. Reeves},
  title =	 {Fast copy coalescing and live-range identification},
  booktitle =	 {International Conference on Programming Language Design and Implementation (PLDI'02)},
  month =	 "June",
  year =	 2002,
  isbn =	 {1-58113-463-0},
  pages =	 {25--32},
  location =	 {Berlin, Germany},
  publisher =	 {ACM Press},
}

@INPROCEEDINGS{Boissinot09,
  author =	 {Benoit Boissinot and Alain Darte and Beno\^{\i}t {Dupont de
                  Dinechin} and Christophe Guillon and Fabrice Rastello},
  title =	 {Revisiting Out-of-{SSA} Translation for Correctness,
                  Code Quality, and Efficiency},
  PUBLISHER =	 {IEEE Computer Society Press},
  BOOKTITLE =	 {International Symposium on Code Generation and Optimization
                  (CGO'09)},
  year =	 2009,
  month =	 mar
}
