
@inproceedings{Mahlke:Micro92,
 author = {S. Mahlke  and D. Lin and W. Chen and R. Hank and R. Bringmann},
 title  = {Effective compiler support for predicated execution using the hyperblock},
 booktitle = {Proc. of the 25th Annual Intl. Symp. on Microarchitecture (MICRO)},
 pages = {45--54},
 publisher = {IEEE Computer Society Press},
 address = {Los Alamitos, CA, USA},
 year = {1992}
 }

@inproceedings{Cardoso:FPL02,
 author = {J. Cardoso and M. Weinhardt},
 title = {{XPP-VC}: A {C} {C}ompiler with {T}emporal {P}artitioning for the {PACT-XPP} {A}rchitecture},
 booktitle = {Proc. of the 12th Intl. Conf. on Field-Programmable Logic and Applications (FPL'02)},
 pages = {864--874},
 publisher = {Springer-Verlag},
 address = {London, UK},
 year = {2002}
 }

@article{Wallace64,
  author = "C.S. Wallace",
  title = "A Suggestion for a Fast Multiplier",
  journal = "IEEE Trans. on Electronic Computers",
  volume = 13,
  number = 14,
  pages = "14--17",
  month = Feb,
  year = 1964,
}

@article{Dadda65,
  author = "L. Dadda",
  title = "Some Schemes for Parallel Multpliers",
  journal = "Alta Frequenza",
  volume = 34,
  pages = "349--356",
  year = 1965,
}

@article{Stelling98,
  author = "P. Stelling and C. Martel and V. Oklobdzija and R. Ravi",
  title = "Optimal Circuits for Parallel Multipliers",
  journal = "IEEE Trans. on Computers",
  volume = 47,
  number = 3,
  pages = "273--285",
  month = Mar,
  year = 1998,
}

@inproceedings{Nancekievill05,
  author = "P. Metzgen and D. Nancekievill",
  title = {Multiplexer Restructuring for {FPGA} Implementation Cost Reduction},
  booktitle = "Proc. of the ACM/IEEE Design Automation Conf. (DAC)",
  pages = "421--426",
  year = 2005,
}

@article{Verma08,
  author = "A. Verma and P. Brisk and P. Ienne",
  title = "Dataflow Transformations to Maximize the Use of Carry-Save Representation in Arithmetic Circuits",
  journal = "IEEE Trans. on Computer-Aided Design of Integrated Circuits and Systems",
  volume = 27,
  number = 10,
  pages = "1761--1774",
  month = Oct,
  year = 2008
}

@inproceedings{Srinivasan:POPL93,
 author = {H. Srinivasan and J. Hook and M. Wolfe},
 title = {Static single assignment for explicitly parallel programs},
 booktitle = {Proc. of the 20th ACM Symp. on Principles of Programming Languages (POP'93)},
 pages = {260--272},
 publisher = {ACM},
 address = {New York, NY, USA},
 year = {1993}
}

@article{SAC:IJS02,
  author = {W. BÃ¶hm and J. Hammes and B. Draper and M. Chawathe and C. Ross and R. Rinker and W. Najjar},
  title = {Mapping a Single Assignment Programming Language to Reconfigurable Systems}, 
  journal = {The Journal of Supercomputing}, 
  volume = {21},
  number = {2}, 
  pages = {117--130}, 
  month = {February},
  year = {2002}
}

@inproceedings{Tu-SC95,
 author = {P. Tu and D. Padua},
 title = {Gated {SSA}-based Demand Driven Symbolic Analysis for Parallelizing Compilers},
 booktitle = {Proc. of the ACM Intl. Conf. on Supercomputing (SC'95)},
 pages = {414-423},
 publisher = {ACM},
 address = {New York, NY, USA},
 year = {1995}
 }

@inproceedings{Tu-PLDI95,
 author = {P. Tu and D. Padua},
 title = {Efficient building and placing of gating functions},
 booktitle = {Proc. of the ACM 1995 Conf. on Programming Language Design and Implementation (PLDI'95)},
 pages = {47--55},
 publisher = {ACM},
 address = {New York, NY, USA},
 year = {1995}
 }


@article{Ferrante-TOPLAS87,
  author = {J. Ferrante and K. Ottenstein and J. Warren},
  title = {The program dependence graph and its use in optimization},
  journal = {ACM Trans. on Programming Languages and Systems},
  volume = {9},
  number = {3},
  pages = {319--349},
  year = {1987}
}


@article{Semeria:TVLSI01,
 author = {L. S\'{e}m\'{e}ria and K. Sato and G. De Micheli},
 title = {Synthesis of hardware models in {C} with pointers and complex data structures},
 journal = {IEEE Trans. Very Large Scale Integr. Syst.},
 volume = {9},
 number = {6},
 pages = {743--756},
 address = {Piscataway, NJ, USA},
 year = {2001}
 }

@inproceedings{Semeria:ICCAD98,
 author = {L. S\'{e}m\'{e}ria and G. De Micheli},
 title = {{SpC}: synthesis of pointers in {C}: application of pointer analysis to the behavioral synthesis from {C}},
 booktitle = {Proc. of the 1998 IEEE/ACM Intl. Conf. on Computer-Aided Design (ICCAD'98)},
 pages = {340--346},
 location = {San Jose, California, United States},
 publisher = {ACM},
 address = {New York, NY, USA},
 year = {1998}
 }

@proceedings{Gong:ERSA04,
  author = {W. Gong and G. Wang and R. Kastner},
  title = {A High Performance Application Representation for Reconfigurable Systems},
  booktitle = {Proc. of the Intl. Conf. on Engineering of Reconfigurable Systems and Algorithms (ERSA'04)},
  year = {2004}
}

@article{Callahan:Computer00,
 author = {T. Callahan and J. Hauser and J. Wawrzynek},
 title = {The {Garp} Architecture and {C} Compiler},
 journal = {Computer},
 volume = {33},
 number = {4},
 pages = {62--69},
 publisher = {IEEE Computer Society Press},
 address = {Los Alamitos, Calif., USA},
 year = {2000}
 }

@InProceedings{Budiu:FPL02,
   author =	{M. Budiu and S. Goldstein},
   title =	{Compiling Application-Specific Hardware},
   booktitle = {Proc. of the Intl. Conf. on Field Programmable Logic and Applications (FPL)},
   pages =	{853--863},
   year =	{2002}
}

@inproceedings{Tripp:FPL02,
   author 	= {J. Tripp and P. Jackson and B. Hutchings},
   title 	= {Sea {C}ucumber: {A} {S}ynthesizing {C}ompiler for {FPGA}s},
   booktitle = {Proc. of the 12th Intl. Conf. on Field-Programmable Logic and Applications (FPL'02)},
   pages 	= {875--885},
   publisher = {Springer-Verlag},
   address = {London, UK},
   year 	= {2002}
 }

@inproceedings{Carter:PACT99,
  author 	= {L. Carter and B. Simon and B. Calder and L. Carter and J. Ferrante},
  title 	= {Predicated Static Single Assignment},
  booktitle = {Proc. of the 1999 Intl. Conf. on Parallel Architectures and Compilation Techniques (PACT'99)},
  pages 	= {245},
  publisher = {IEEE Computer Society},
  address 	= {Washington, DC, USA},
  year 	= {1999}
}

@article{Dean:CACM08,
 author = {J. Dean and S. Ghemawat},
 title = {{MapReduce}: simplified data processing on large clusters},
 journal = {Commun. ACM},
 volume = {51},
 number = {1},
 pages = {107--113},
 publisher = {ACM},
 address = {New York, NY, USA},
 year = {2008}
 }

@inproceedings{Yeung:FCCM08,
  author 	= {J. Yeung and C. Tsang and K. Tsoi and B. Kwan and C. Cheung and A. Chan and P. Leong},
  title 	= {Map-reduce as a Programming Model for Custom Computing Machines},
  booktitle 	= {Proc. of the 2008 16th Intl. Symp. on Field-Programmable Custom Computing Machines (FCCM'08)},
  pages = {149--159},
  publisher = {IEEE Computer Society},
  address = {Washington, DC, USA},
  year = {2008}
}

@article{Lee:ProcIEEE87,
 author = {E. Lee and D. Messerschmitt},
 title = {Synchronous Data Flow},
 journal = {Proc. of the IEEE},
 volume = {75},
 number = {9},
 pages = {1235--1245},
 publisher = {IEEE Computer Society Press},
 address = {Los Alamitos, Calif., USA},
 year = {1987}
 }

@inproceedings{Hormati:CASES08,
  author    = {A. Hormati and M. Kudlur and S. Mahlke and D. Bacon and R. Rabbah},
  title     	= {Optimus: {E}fficient {R}ealization of {S}treaming {A}pplications on {FPGA}s},
  booktitle = {Proc. of the 2008 Intl. Conf. on Compilers, Architecture, and Synthesis for Embedded Systems (CASES)},
  pages     = {41-50},
   year      = {2008}
}

@inproceedings{Hagiescu:DAC09,
  author    = {A. Hagiescu and W.-F. Wong and D. Bacon and R. Rabbah},
  title     	= {A computing origami: folding streams in {FPGA}s},
  booktitle = {Proc. of the 2009 ACM/IEEE Design Automation Conf. (DAC)},
  pages     = {282-287},
   year      	= {2009}
}

@inproceedings{Allen:POPL83,
  author    	= {J. Allen and K. Kennedy and C. Porterfield and J. Warren},
  title     	= {Conversion of {C}ontrol {D}ependence to {D}ata {D}ependence},
  booktitle 	= {Proc. of the ACM Conf. on Principles of Programming Languages (POPL)},
  pages     	= {177-189},
  publisher 	= {ACM Press},
  year      	= {1983},
}

@inproceedings{Stoutchinin:MICRO01,
  author    = {A. Stoutchinin and F. de Ferri{\`e}re},
  title     = {Efficient static single assignment form for predication},
  booktitle = {Proc. of the 34th Annual Intl. Symp. on Microarchitecture (MICRO)},
  pages     = {172-181},
  month = {Dec.},
  year	= {2001}
}

@inproceedings{deFerriere:SCOPES07,
  author    = {Fran\c{c}ois de Ferri{\`e}re},
  title    	 = {Improvements to the Psi-{SSA} representation},
  booktitle 	= {Proc. of the 10th Intl. Workshop on Software and Compilers for Embedded Systems (SCOPES)},
  pages     = {111-121},
  year      	= {2007}
}

@article{DeMicheli:AC93,
  author    = {G. De Micheli},
  title     = {High-Level Synthesis of Digital Circuits},
  journal   = {Advances in Computers},
  volume    = {37},
  pages     = {207-283},
  year      = {1993}
}

@article{Stok:Integration94,
 author = {L. Stok},
 title = {Data path synthesis},
 journal = {Integr. VLSI J.},
 volume = {18},
 number = {1},
 pages = {1--71},
 publisher = {Elsevier Science Publishers B. V.},
 address = {Amsterdam, The Netherlands, The Netherlands},
 year = {1994}
 }

@inproceedings{Kaplan:DAC03,
  author    = {A. Kaplan and P. Brisk and R. Kastner}, 
  title     = {Data communication estimation and reduction for reconfigurable systems},
  booktitle  = {Proc. of the 40th Design Automation Conf. (DAC'03)},
  pages     = {616-621},
  year      = {2003}
}

@inproceedings{Memik:DAC03,
  author    = {S. Memik and G. Memik and R. Jafari and E. Kursun},
  title     = {Global resource sharing for synthesis of control data flow graphs on {FPGA}s},
  booktitle = {Proc. of the 40th Design Automation Conf. (DAC'03)},
  pages     = {604-609},
  year      = {2003}
}

@article{Najjar:ROCCC08,
   author = {Z. Guo and B. Buyukkurt and J. Cortes and A. Mitra and W. Najjar},
   title = {A compiler intermediate representation for reconfigurable fabrics},
   journal = {Int. J. Parallel Program.},
   volume = {36},
   number = {5},
   pages = {493--520},
   publisher = {Kluwer Academic Publishers},
   address = {Norwell, MA.},
   year = {2008}
}

%%%------------------
@book{VerilogBook,
 author = {D. Thomas and P. Moorby},
 title = {The Verilog Hardware Description Language},
 isbn = {0-7923-8166-1},
 publisher = {Kluwer Academic Publishers},
 address = {Norwell, MA, USA},
 year = {1998}
 }

@book{VHDLBook,
   author = {P. Ashenden},
   title = {The  Designer's Guide to {VHDL}},
   isbn = {1558606742},
   publisher = {Morgan Kaufmann Publishers Inc.},
   address = {San Francisco, CA, USA},
   year = {2001}
 }


@book{CompilingVLIWBook,
  author = {J. Fisher and P. Faraboschi and C. Young},
  title	= {Embedded computing: a VLIW approach to architecture, compilers and tools},
  publisher = {Elsevier Science Publishers B. V.},
  isbn	= {1558607668},
  year = {2005}
}


@inproceedings{SystemC:ISSS01,
  author  	= {P. Panda},
  title		= {{SystemC}: a modeling platform supporting multiple design abstractions},
  booktitle 	= {Proc. of the 14th Intl. Symp. on Systems Synthesis (ISSS'01)},
  pages		= {75--80},
  location 	= {Montr\'{e}al, P.Q., Canada},
  publisher 	= {ACM},
  address 	= {New York, NY, USA},
  year 	 	= {2001}
}


@book{CompilingSystolicArraysBook,
  title = {A Systolic Array Optimizing Compiler},
  author = {M. Lam},
 publisher = {Kluwer Academic Publishers},
 address = {Norwell, MA, USA},
  year = 1989
}
